2254 3814
341 220 458 279 194
1086 221 1418 275 PROCOPII

331 367 520 429 ξαντα,
569 359 774 422 οὐδενὸς
810 365 872 432 τῇ
910 354 1047 431 ῥύμῃ
1081 365 1178 429 τῆς
1215 357 1507 431 βουλήσεως
1544 359 1994 425 ἀντιστατοῦντος,
2041 359 2155 414 οὔτε

328 448 388 502 τὸ
405 453 498 502 τοῦ
521 445 709 516 ἀνδρὸς
731 445 1137 514 ὃιασκοπουμένη
1163 445 1359 514 ἀξίωμα
1383 446 1497 500 οὔτε
1514 444 1652 507 ὅπως
1672 445 1745 513 μὴ
1767 445 1974 514 γένηταί
1991 467 2037 498 τι
2054 451 2155 498 τῶν

173 548 209 591 Ρ
241 549 325 594 110
353 532 413 587 οὗ
457 528 674 585 δεόντων
712 529 1032 599 λογιζομένη,
1077 529 1195 584 οὐδὲ
1225 529 1302 585 ὅτι
1324 528 1784 602 βλασφημήσουσιν
1812 531 1861 592 ἒς
1891 530 2050 598 αὐτὴν
2072 531 2156 582 διὰ

329 622 494 670 ταῦτα
521 616 701 667 πολλοὶ
727 615 787 668 τὸ
815 615 1017 684 γεγονὸς
1041 614 1173 687 αὐτῇ
1209 617 1347 685 παρὰ
1382 617 1472 684 τὴν
1508 617 1651 679 ἀξίαν
1691 621 1782 668 τοῦ
1824 619 1914 683 τῆς
1944 612 2155 684 χάριτος

327 696 662 769 τετυχηκότος
702 697 1031 768 χλευάζοντες
1060 700 1197 754 οὐδὲ
1247 700 1370 754 ἄλλο
1423 706 1525 754 τῶν
1573 697 1777 754 πάντων
1813 700 1959 753 οὐδέν
1997 701 2046 752 ἕν
2084 705 2197 772 νῷ5

328 785 636 853 ποιουμένη,
682 783 747 854 ἢν
777 784 836 838 τὸ
874 782 1028 849 δόξαν
1072 785 1202 858 αὐτῇ
1238 787 1525 858 περαίνοιτο
1559 782 1735 853 μόνον.
1825 785 1956 838 ἀλλὰ
1993 790 2157 854 ταῦτα

325 871 418 939 μὲν
445 868 547 938 ὅπη
574 874 647 942 τῷ
673 875 784 943 θεῷ
813 871 961 941 φίλον
988 869 1154 938 ἐχέτω.

151 980 188 1022 v
222 978 307 1023 297
504 952 751 1024 Χοσρόης
775 956 830 1008 δὲ
850 955 909 1009 τὸ
933 957 1026 1023 μὲν
1050 953 1342 1026 στράτευμα
1366 960 1468 1009 τῶν
1497 952 1792 1022 Ἀντιοχέων
1815 953 1935 1016 τοὺς
1958 950 2159 1024 περιόν-

326 1062 422 1113 τας
449 1042 651 1110 ζωγρεῖν
675 1041 758 1093 καὶ
780 1040 1166 1111 ἇνδραποδίζειν
1189 1040 1376 1094 ἐκέλευε
1400 1043 1482 1093 καὶ
1507 1039 1572 1092 τὰ
1588 1037 1832 1109 χρήματα
1856 1037 2022 1092 πάντα
2046 1041 2159 1107 ληί-

329 1128 526 1192 ζεσθαι,
557 1124 713 1188 αὐτὸς
747 1126 804 1178 δὲ
840 1126 928 1188 ξίν
953 1134 1060 1187 τοῖς
1098 1126 1367 1197 πρέσβεσιν
1402 1127 1453 1187 ἐς
1488 1125 1547 1178 τὸ
1586 1124 1717 1194 ἱερὸν
1757 1124 1856 1178 ἀπὸ
1883 1130 1974 1192 τῆς
1997 1123 2157 1195 ἄκρας
2173 1140 2243 1190 1ο,-

274 1213 278 1216 ’
334 1210 653 1278 κατέβαινεν,
697 1208 820 1280 ὅπερ
862 1210 1129 1278 ἐκκλησίαν
1167 1215 1423 1263 καλοῦσιν.
1513 1211 1743 1262 ἐνταῦθα
1778 1209 2005 1277 κειμήλια
2026 1231 2158 1277 χρυ-
2237 1202 2245 1208 ’

265 1317 303 1360 Β
333 1300 445 1349 σοῦ.
468 1317 522 1348 τε
556 1295 637 1348 καὶ
681 1292 905 1364 ἀργύρου
940 1300 1169 1347 τοσαῦτα
1210 1294 1268 1347 τὸ
1306 1299 1510 1362 πλῆθος
1538 1292 1564 1347 5
1595 1292 1840 1363 Χοσρόης
1863 1288 2003 1363 εὗρεν
2029 1293 2158 1347 ὥστε
2213 1298 2225 1308 ”

325 1386 420 1449 τῆς
447 1380 586 1441 λείας
614 1378 760 1432 οὕὸἑν
787 1378 864 1432 ὅτι
891 1379 964 1448 μὴ
990 1379 1054 1432 τὰ
1081 1376 1310 1447 κειμήλια
1343 1385 1510 1432 ταῦτα
1538 1378 1714 1444 λαβὼν
1750 1377 1973 1432 πλούτου
1998 1401 2046 1431 τι
2066 1379 2160 1447 μέ-
2210 1372 2216 1378 ’

324 1470 480 1535 γεθος
513 1464 938 1534 περιβεβλημένος
969 1463 1132 1517 ἀπιών
1164 1463 1338 1535 ᾤχετο.
1425 1466 1508 1516 καὶ
1531 1460 1784 1532 μάρμαρά
1810 1485 1862 1517 τε
1887 1464 2050 1517 πολλὰ
2076 1466 2160 1517 καὶ
2215 1493 2243 1515 m

327 1549 615 1616 θαυμαστὰ
658 1547 862 1602 ἐνθένδε
903 1548 1106 1619 ἀφελων
1131 1548 1225 1611 ἔξω
1257 1553 1350 1602 τοῦ
1375 1546 1645 1618 περιβόλου
1674 1549 1858 1602 ἐκέλευε
1882 1551 2196 1608 κατατίθε-1

330 1639 490 1700 σθαι,
537 1654 674 1696 οπως
714 1635 798 1686 καὶ
835 1639 1001 1687 ταῦτα
1028 1635 1079 1696 ἐς
1105 1634 1170 1688 τοὶ
1200 1638 1419 1703 Περσῶν
1443 1634 1554 1703 ἤθη
1582 1635 1905 1701 κομίσωνται.
1993 1641 2160 1687 ταῦτα
2212 1706 2217 1710 .

329 1719 765 1790 διαπεπραγμένος
808 1716 1082 1787 ξύμπασαν
1130 1719 1223 1787 τὴν
1275 1716 1421 1772 πόλιν
1469 1721 1726 1788 ἐμπρῆσαι
1770 1720 2001 1790 Πέρσαις
2047 1719 2162 1773 ἕπε’-
2211 1713 2243 1783 ,ἦ

330 1809 517 1859 στελλε.
607 1806 691 1857 καὶ
715 1803 874 1857 αὐτοῦ
908 1826 955 1857 οι
983 1804 1218 1875 πρέσβεις
1244 1804 1442 1858 ἐδέοντο
1470 1810 1562 1872 τῆς
1588 1805 1854 1873 ἐκκλησίας
1879 1805 2162 1873 ἀπέχεσθαι
2210 1851 2230 1902 4

328 1886 491 1958 μόνης
504 1929 520 1954 ,
565 1909 628 1957 ης
650 1889 716 1941 τὰ
739 1886 902 1959 λύτρα
927 1890 1282 1957 κεκομισμένος
1309 1891 1528 1958 διαρκως
1552 1888 1643 1957 εἴη.
1733 1887 1760 1942 5
1792 1891 1847 1942 δε
1870 1896 2022 1943 τοῦτο
2054 1899 2162 1952 τοῖς
2211 1899 2235 1963 3'

328 1973 571 2044 πρέσβεσι
606 1973 999 2043 συγκεχωρηκώς
1031 1973 1195 2027 τᾶλλα
1235 1976 1391 2026 καίειν
1427 1975 1613 2027 ἐκέλευε
1641 1971 1833 2040 πάντα,
1882 1975 2079 2046 ὀλίγους
2105 1976 2164 2029 τέ
2172 1986 2236 2036 w

329 2079 474 2121 τινας
513 2054 702 2112 αὐτόθι
738 2058 1001 2113 ἀπολιπων
1033 2059 1156 2120 τούς
1191 2058 1284 2127 τὴν
1323 2056 1469 2113 πόλιν
1502 2055 1856 2129 ἓμπρήσοντας
1890 2060 2044 2123 αὐτὸς
2070 2062 2160 2124 ξὺν
2224 2119 2227 2122 ,

331 2151 440 2206 τοῖς
473 2141 647 2204 α’λλοις
683 2142 872 2196 ἅπασιν
895 2165 945 2206 ες
974 2144 1031 2197 τὸ
1057 2141 1402 2215 στρατόπεδον
1431 2142 1785 2216 ἀπεχώρησεν,
1832 2167 1892 2199 ου
1923 2149 2006 2200 καὶ
2031 2145 2160 2219 πρό-

331 2250 479 2301 τερον
504 2229 877 2298 διεσκηνημένοι
903 2227 1190 2299 ἐτύγχανον.

2218 1612 2243 1703 ,ις-’Ἀ
2221 1531 2241 1555 ⁵.

447 2394 518 2437 16.
555 2392 835 2461 κομίσωνται
864 2392 913 2437 L.
983 2393 1252 2448 κομίσονται
1281 2394 1330 2436 Ρ.
1506 2395 1575 2439 19.
1615 2391 1975 2451 ,,κεκομισμε’νος
2005 2395 2159 2452 Reg.“

445 2449 599 2496 Mum.
657 2447 963 2507 κομισάμενος
990 2452 1041 2495 Ρ.

332 2595 402 2636 tat
432 2590 586 2634 nullum
617 2591 777 2636 obicem
806 2592 998 2661 patiente
1031 2591 1262 2636 voluntatis
1290 2590 1406 2635 illius
1433 2591 1502 2635 vi·
1540 2606 1624 2636 non
1654 2593 1836 2637 attendit
1863 2594 2042 2638 hominis
2071 2609 2160 2638 me-

334 2649 484 2692 ritum·
528 2663 610 2691 non
637 2651 807 2694 laborat
835 2650 1019 2707 nequid
1049 2652 1127 2694 fiat
1154 2649 1400 2693 absurdius.
1449 2664 1533 2692 non
1562 2656 1687 2692 curat
1714 2651 1967 2704 maledicta,
2006 2652 2161 2709 quibus
2203 2642 2242 2710 ,ᾖ

333 2705 470 2762 ipsam
499 2705 696 2773 plerique
724 2707 883 2762 figent,
915 2708 1106 2751 ridentes
1134 2708 1330 2751 collatam
1360 2721 1467 2763 erga
1495 2707 1711 2763 indignum
1740 2708 1947 2762 gratiam.
1975 2709 2162 2765 denique
2216 2713 2243 2749 ’Ἴ

335 2763 492 2805 nullius
530 2762 596 2804 rei
633 2763 838 2807 rationem
875 2765 1029 2817 habet,
1083 2765 1302 2808 dummodo
1343 2764 1608 2822 propositum
1655 2772 1920 2822 assequatur.
2003 2767 2162 2810 Verum
2215 2735 2243 2797 ἡ

336 2821 444 2863 haec
473 2820 554 2862 deo
584 2819 890 2876 permittamus.
2160 2846 2166 2855 ·

453 2876 591 2919 Porro
620 2877 755 2920 edixit
781 2877 991 2920 exercitui
1019 2878 1258 2931 Chosrues,
1288 2883 1336 2922 ut
1364 2878 1672 2931 Antiochenos‚
1713 2880 1956 2936 quicunque
1981 2893 2161 2936 supere-
2215 2899 2222 2928 ς

336 2938 452 2986 rant,
481 2939 706 2976 servarent
733 2935 874 2987 vivos,
901 2940 946 2976 et
973 2934 1018 2976 in
1046 2937 1298 2979 servitutem
1327 2937 1599 2991 redigerent·
1634 2950 1779 2979 eorum
1809 2938 1935 2980 etiam
1966 2939 2162 2981 fortunas
2202 2940 2206 2949 '

338 3004 482 3034 omnes
523 2991 579 3034 ad
618 2992 820 3048 praedam
855 2991 1094 3048 proposuit.
1155 2995 1266 3036 Tum
1305 3008 1359 3035 ex
1386 3008 1487 3035 arce
1526 2993 1570 3035 in
1610 2993 1807 3049 templum
1850 2994 1962 3049 quod
2003 3001 2162 3038 vocant
2195 3010 2214 3051 j

339 3047 588 3101 ecclesiam,
639 3062 732 3092 cum
772 3049 927 3104 legatis
954 3049 1198 3092 descendit.
1255 3050 1328 3092 ubi
1358 3064 1514 3093 aureae
1543 3055 1855 3105 argenteaeque
1882 3051 2160 3107 supellectilis
2203 3055 2241 3102 “U

339 3105 425 3149 vim
451 3110 613 3147 tantam
642 3110 792 3147 nactus
823 3110 914 3157 est,
962 3113 1010 3148 ut
1039 3106 1232 3161 quamvis
1261 3114 1435 3163 praeter
1470 3107 1584 3148 iilam
1613 3106 1717 3148 nihil
1746 3107 1862 3149 aliud
1891 3108 1974 3150 sibi
2002 3109 2160 3166 legerit
2205 3071 2238 3168 ,ἔ

342 3177 368 3205 e
395 3162 630 3212 manubiis3
677 3177 828 3218 magno
855 3169 996 3205 tamen
1025 3177 1157 3217 opere
1195 3165 1358 3206 ditatus
1395 3163 1563 3205 exierit.
1622 3162 1808 3206 Plurima
1846 3174 2016 3220 quoque
2045 3179 2159 3208 mar-
2204 3158 2241 3203 Ὗ

341 3233 460 3263 mora
490 3218 820 3274 exquisitissima
847 3218 946 3262 inde
973 3219 1136 3275 deripi,
1167 3228 1375 3288 extraque
1404 3221 1550 3262 urbem
1578 3220 1728 3275 reponi
1756 3220 1907 3273 iussit,
1937 3222 1982 3264 in
2013 3223 2160 3265 Persi-

340 3277 437 3320 dem
464 3276 697 3319 avehenda.
758 3275 837 3318 His
865 3276 1076 3331 peractis,
1117 3277 1246 3319 totius
1275 3276 1464 3319 civitatis
1499 3276 1735 3319 incendium
1775 3279 1918 3322 Persis
1960 3279 2239 3335 imperat.

342 3334 609 3388 Quamquam
638 3333 892 3388 rogantibus
916 3332 1096 3388 legatiS,
1143 3340 1190 3375 ut
1218 3334 1290 3376 uni
1330 3333 1550 3376 admodum
1580 3334 1788 3377 ecclesiae
1813 3343 2036 3391 parceret,
2078 3351 2156 3392 pro
2203 3319 2239 3379 ⁷³

344 3391 462 3434 cuius
491 3391 779 3446 redemptione
807 3395 876 3432 sat
903 3404 1096 3446 magnum
1130 3392 1310 3445 pretium
1341 3392 1420 3432 iam
1451 3390 1714 3444 accepisset,
1765 3395 1935 3436 annuit.
1984 3397 2168 3436 caetera

343 3447 523 3491 flammis
559 3448 756 3498 addixit3
811 3462 862 3490 ac
900 3448 1059 3490 relictis
1099 3447 1144 3488 in
1172 3449 1278 3490 urbe
1319 3447 1615 3498 incendiariiS,
1666 3462 1758 3492 cum
1799 3451 1980 3495 caeteris
2011 3450 2156 3495 Persis

344 3505 574 3550 omnibus
561 3520 604 3548 ιιι
634 3509 794 3559 castra,
820 3505 893 3548 ubi
925 3506 1045 3562 prius
1073 3505 1358 3558 tetenderant,
1386 3516 1432 3549 se
1461 3506 1638 3563 recepit.
