2254 3814
324 143 447 202 488
1077 141 1411 196 PROCOPII

324 291 553 342 στασθαι
576 282 748 353 μέντοι
783 277 853 344 ὥς
892 280 1127 350 οὐδαμοῦ
1159 282 1336 354 σφίσιν
1360 279 1662 346 ἀνθέξουσιν
1697 277 1808 334 ὅσοι
1835 280 1886 343 ἔς
1919 278 2071 350 κε’ρας
2090 281 2149 334 τὸ

325 371 486 435 δεξιὸν
514 375 616 424 τῶν
652 366 906 434 πολεμίων
935 363 1221 430 ἔτάξαντο.-
1283 365 1347 436 ἢν
1373 367 1467 435 μὲν
1493 361 1586 420 οὖν
1623 365 1709 418 ἐπ’
1742 367 1958 427 ἐκείνους
1977 363 2155 433 χωρή-

324 477 480 521 σειεν,
528 453 680 507 αὐτοί
697 472 751 505 τε
777 450 870 518 οὐχ
901 448 1216 515 ὑποστάντες
1248 452 1300 514 ἐς
1324 451 1489 522 φυγὴν
1517 451 1792 520 τρέψονται
1826 453 1910 503 καὶ
1941 451 1999 503 τὸ
2025 450 2151 503 ἄλλο

324 537 647 610 στράτευμα,
685 534 755 598 ὥς
779 535 838 589 τὸ
866 536 996 599 εἰκὸς
1010 577 1027 603 ,
1065 534 1465 607 ξυνταράξουσιν
1481 553 1495 566 ·
1537 535 1603 605 ἢν
1625 535 1687 588 δέ
1702 556 1755 605 γε
1776 540 1914 606 σφᾶς
1940 532 2154 588 ἀπωσά-

321 645 472 692 μενος
495 620 759 694 Γερμανὸς
793 620 1075 691 τρέψηται,
1121 619 1324 675 ἅπαντα
1353 623 1497 692 σφίσι
1524 617 1938 692 διαφθαρήσεται
1971 619 2150 672 αἰτίκα
2167 626 2195 669 5

323 708 388 776 δὴ
429 705 571 776 μάλα
610 707 676 761 τὰ
710 702 1006 776 πράγματα.
1091 705 1292 770 τούτοις
1326 703 1354 759 ὃ
1401 702 1627 771 Στότζας
1668 703 2001 766 ἀναπεισθεὶς
2030 704 2153 766 τοὺς

320 794 412 861 μὲν
438 792 626 854 ἄλλους
651 798 761 852 τοῖς
793 790 926 862 ἀμφὶ
964 795 1016 844 Γ
1011 791 1229 863 ερμανόν
1257 788 1520 859 μάχεσθαι
1559 789 1752 855 εἷἀσεν,
1800 789 1958 851 αὐτὸς
1982 790 2037 842 δὲ
2065 789 2155 851 ξὺν

321 886 428 939 τοῖς
455 877 681 949 ἀρίστοις
707 876 791 928 ἐπί
823 896 878 930 τε
902 874 1141 946 Ἰωάννην
1169 879 1251 930 καὶ
1286 876 1407 939 τούς
1430 875 1521 939 ξὺν
1545 875 1687 948 αὐτῷ
1707 874 2040 944 τεταγμένους
2062 873 2153 944 ᾔει.

324 963 372 1016 οἱ
408 964 464 1016 δὲ
499 963 594 1030 οὐχ
632 958 946 1023 ὑποστάντες
982 959 1159 1035 κόσμῳ
1199 961 1367 1015 οὐδενὶ
1407 961 1459 1023 ἔς
1492 959 1660 1031 φυγὴν
1685 957 1938 1028 ὥρμηντο.
2030 961 2082 1012 οἵ
2102 979 2156 1012 τε

323 1053 604 1102 στασιῶται
634 1042 803 1101 πάντα
826 1046 919 1113 μὲν
945 1041 1116 1101 αὐτῶν
1140 1046 1206 1099 τὰ
1231 1054 1413 1115 σημεῖα
1437 1044 1596 1107 εὐθὺς
1621 1044 1824 1112 ἔλαβον,
1872 1041 2155 1114 φεύγοντας
2173 1054 2227 1097 10

260 1138 298 1181 C
328 1133 384 1186 δὲ
427 1132 527 1186 ἀνὰ
561 1129 748 1203 κράτος
791 1128 1031 1197 ἔδίωκον,
1088 1131 1217 1193 τινές
1244 1132 1300 1183 δὲ
1334 1131 1418 1183 καὶ
1444 1131 1524 1182 ἐπὶ
1557 1128 1680 1191 τοῦς
1708 1127 1887 1193 πεζοὺς
1913 1128 2151 1195 ἤλαυνον,

323 1217 426 1287 ἤδη
449 1239 502 1270 τε
530 1216 624 1284 τὴν
651 1213 794 1278 τάξιν
817 1216 1030 1269 ἐκλιπεῖν
1051 1215 1101 1268 οἳ
1121 1217 1258 1281 πεζοὶ
1282 1214 1522 1285 ἤρξαντο.
1598 1214 1651 1266 ἓν
1677 1211 1845 1287 τούτῳ
1872 1214 1928 1266 δὲ
1950 1217 2002 1266 Γ
1997 1235 2157 1284 ερμα-

322 1301 412 1363 νὸς
439 1298 598 1363 αὐτός
622 1322 676 1354 τε
705 1299 763 1352 τὸ
788 1301 935 1370 ξίφος
961 1297 1288 1369 σπασάμενος
1313 1301 1396 1352 καὶ
1425 1296 1565 1352 ἅπαν
1588 1298 1647 1352 τὸ
1674 1295 1838 1369 ταύτῃ
1862 1296 2156 1369 στράτευμα

321 1388 374 1448 ἐς
403 1391 557 1440 τοῦτο
596 1381 862 1456 ὁρμήσας,
905 1381 1048 1458 πόνῳ
1083 1405 1137 1438 τε
1165 1389 1340 1457 πολλῷ
1368 1383 1489 1446 τοὺς
1527 1382 1650 1437 κατ’
1682 1383 1842 1437 αὐτὸν
1864 1381 2158 1445 στασιώτας

321 1471 576 1542 ἐτρέψατο
600 1471 685 1523 καὶ
707 1464 884 1542 δρόμῳ
915 1467 994 1522 ἐπὶ
1017 1469 1108 1523 τὸν
1131 1467 1361 1535 Στότζαν
1389 1462 1624 1540 ἐχώρησε.
1712 1465 1900 1522 τούτου
1928 1468 1989 1521 δέ
2006 1469 2055 1522 οἳ
2075 1470 2152 1522 ἐν·
2172 1477 2225 1523 15

321 1562 504 1610 ταῢθα
531 1560 624 1610 τοῦ
651 1553 798 1625 ἔργου
833 1556 917 1608 καὶ
950 1559 1055 1608 τῶν
1082 1555 1216 1626 ἀμφὶ
1243 1551 1488 1625 Ἰλδίγερά
1510 1575 1564 1608 τε
1587 1555 1671 1607 καὶ
1699 1551 1970 1624 Θεόδωρον
2001 1557 2156 1617 ’ξυνα-

322 1640 558 1712 ραμένων
575 1681 594 1707 ,
641 1637 806 1703 οὕτως
844 1637 1084 1710 ἀλλήλοις
1120 1637 1347 1710 ἑκάτεροι
1371 1638 1731 1707 ἀνεμίγνυντο,
1780 1637 1909 1692 ὥστε
1943 1637 2156 1693 διώκον-

319 1747 402 1788 τες
440 1726 487 1779 οἳ
512 1729 793 1779 στασιῶται
832 1730 936 1778 τῶν
961 1746 1102 1788 τινας
1135 1725 1386 1792 πολεμίων
1423 1722 1519 1796 ὑφ’
1547 1722 1731 1794 ἑτέρων
1755 1722 2156 1791 καταλαμβανό-

320 1832 463 1880 μενοι
496 1810 765 1880 ἔθνησκον.
851 1815 945 1878 τῆς
978 1831 1032 1864 τε
1073 1807 1358 1881 ξυγχύσεως
1394 1810 1474 1862 ἐπὶ
1513 1810 1644 1879 μέγα
1680 1806 1950 1880 χωρούσης
1986 1810 2152 1878 οἱμὲν

319 1895 456 1966 ἀμφὶ
493 1900 545 1949 Γ
541 1894 790 1966 ερμανόν,
839 1893 910 1948 ἴτι
951 1894 1165 1949 ὄπισθεν
1200 1891 1387 1961 ῗόντες,
1446 1893 1518 1947 ἔτι
1555 1899 1755 1962 μᾶλλον
1790 1894 2058 1961 ἐνέκειντο,
2108 1896 2237 1955 οἴω,Δ

320 1981 378 2033 δὲ
399 1985 680 2040 στασιῶται
707 1979 759 2041 ἐς
783 1979 913 2033 πολὺ
940 1980 1053 2044 δέος
1079 1976 1460 2047 ἐμπεπτωκότες
1481 1978 1646 2032 οὐκέτι
1669 1980 1722 2041 ἐς
1745 1978 1904 2046 ἀλκὴν
1928 1978 2152 2044 ἔβλεπον.

251 2075 292 2119 D
323 2063 522 2134 ἔνδηλοι
555 2063 730 2135 μέντοι
768 2064 1021 2136 οὐδέτεροι
1062 2064 1178 2119 οὔτε
1216 2066 1390 2135 σφίσιν
1432 2062 1609 2126 αὐτοῖς
1638 2063 1754 2118 οὔτε
1793 2061 2030 2132 ἀλλήλοις
2054 2067 2156 2135 ε’γί-

319 2171 484 2208 νοντο.
573 2155 670 2225 μιᾷ.
699 2170 751 2203 τε
777 2150 873 2222 γὰρ
904 2155 1049 2226 φωνῇ
1089 2152 1173 2204 καὶ
1199 2155 1263 2222 τῇ
1299 2149 1432 2222 αὐτῇ
1456 2154 1558 2204 τῶν
1578 2148 1748 2204 ὅπλων
1774 2155 1926 2220 σκευῇ
1953 2150 2000 2202 οἱ
2024 2149 2154 2206 πάν-

435 2317 478 2365 7,.
507 2312 636 2368 τοϊς]
663 2313 776 2369 τούς
807 2314 897 2357 HL.
1017 2318 1085 2361 10.
1116 2309 1175 2359 τά
1208 2314 1370 2370 σημεῖα
1399 2314 1453 2357 L.
1510 2311 1569 2359 τὰ
1594 2327 1675 2358 om.
1707 2313 1757 2356 P.
1903 2315 2008 2359 ibid.
2040 2315 2154 2373 φεύ-

431 2373 631 2434 γοντας]
664 2369 913 2435 φεύγοντες
941 2372 994 2421 L.
1108 2375 1178 2420 19.
1210 2369 1466 2430 ξυγχύσεως
1493 2370 1544 2420 L.
1604 2369 1859 2429 συγχύσεως
1887 2373 1938 2416 Ρ.

318 2515 421 2564 ret3
451 2526 532 2569 pro
561 2518 680 2557 certo
711 2528 759 2558 se
788 2515 945 2558 habere
974 2514 1170 2558 dextrum
1199 2515 1380 2558 hostium
1412 2527 1546 2557 cornu
1586 2512 1754 2557 minime
1781 2513 2056 2558 restiturum:
2100 2531 2152 2559 co

318 2570 358 2611 si
386 2569 572 2626 impetus
602 2572 751 2626 fieret,
781 2573 1026 2631 inclinatum
1055 2573 1198 2616 statim
1229 2572 1280 2615 iri
1314 2572 1356 2614 in
1387 2572 1557 2627 fugam3
1601 2570 1701 2614 inde
1730 2572 1876 2628 procul
1906 2571 2033 2615 dubio
2065 2574 2155 2615 ori-

318 2629 459 2669 turam
486 2635 754 2671 caeterorum
785 2630 1170 2685 perturbationemz
1201 2629 1265 2672 sin
1295 2628 1378 2685 ipsi
1408 2642 1435 2671 a
1465 2629 1682 2671 Germano
1710 2629 1872 2684 repulsi
1895 2632 2022 2683 terga
2051 2643 2156 2671 ver-

318 2687 413 2724 tere
443 2691 724 2739 cogerentur,
769 2694 978 2729 momento
1017 2700 1087 2730 res
1123 2699 1223 2730 suas
1253 2699 1396 2729 omnes
1425 2684 1622 2728 funditus
1650 2684 1880 2742 perituras.
1940 2685 2022 2727 His
2050 2688 2155 2729 Sto-

319 2752 395 2781 zas
426 2740 621 2794 evictus,
665 2747 881 2785 certamen
925 2758 1019 2786 cum
1049 2745 1265 2787 Germano
1296 2742 1403 2784 alios
1431 2741 1543 2784 inire
1572 2741 1698 2784 sivit:
1738 2742 1831 2799 ipse
1860 2755 1953 2785 cum
1981 2756 2152 2786 suorum

318 2794 430 2838 flore
458 2797 676 2852 Ioannem,
705 2813 889 2856 eosque,
920 2801 994 2856 qui
1023 2815 1114 2843 cum
1142 2801 1237 2857 ipso
1268 2805 1406 2852 erant,
1437 2799 1610 2842 adortus
1636 2805 1716 2841 est.
1776 2799 1845 2841 1111
1873 2798 2152 2855 impressione

317 2852 479 2904 fracti,
523 2860 648 2910 terga
687 2858 924 2912 promiscue
954 2863 1150 2901 vertere:
1191 2856 1366 2900 factiosi
1393 2856 1557 2899 instare
1599 2855 1850 2912 fugacibuS,
1878 2855 2047 2898 vexillis
2077 2872 2154 2899 eo-

317 2922 410 2951 rum
440 2912 634 2953 omuibus
663 2913 807 2955 statim
835 2914 978 2970 potiti.
1037 2914 1222 2965 Quidam
1254 2914 1382 2956 etiam
1409 2912 1454 2955 in
1485 2912 1721 2968 peditatum
1743 2911 1917 2963 invecti,
1946 2912 2027 2954 iam
2059 2912 2151 2956 eius

319 2965 490 3009 ordines
530 2970 809 3024 rumpebant,
850 2985 941 3012 cum
966 2971 1223 3028 *Germanus
1265 2969 1415 3014 stricto
1453 2968 1597 3024 gladio
1626 2982 1768 3012 omnes
1801 2983 1931 3011 cornu
1964 2969 2028 3011 sui
2056 2978 2152 3012 tur-

317 3035 407 3066 mas
436 3025 716 3080 compellem,
747 3026 962 3069 obiectum
991 3028 1075 3069 sibi
1103 3027 1319 3070 rebellium
1348 3040 1500 3081 agmen
1527 3026 1674 3069 labore
1702 3025 1830 3068 multo
1861 3025 2057 3075 disiecit,
2097 3041 2150 3070 ac

317 3079 496 3122 subinde
534 3081 580 3123 in
618 3082 790 3124 Stozam
835 3084 1028 3126 incurrit.
1089 3085 1199 3126 Tum
1241 3098 1330 3127 rem
1371 3082 1596 3126 coniuncte
1635 3082 1851 3137 aggressis
1879 3082 2068 3138 lldigere
2096 3097 2148 3126 ac

319 3136 584 3192 Theodoro,
615 3138 788 3194 utrique
816 3139 876 3181 ita
906 3153 953 3182 se
981 3141 1214 3193 miscuere,
1243 3146 1319 3192 ut,
1360 3140 1457 3182 dum
1487 3137 1692 3194 quosdam
1721 3138 1917 3182 seditiosi
1946 3141 2149 3196 inseque-

317 3197 493 3246 rentur,
524 3196 579 3237 ab
609 3194 704 3237 aliis
734 3197 1040 3251 comprehensi,
1072 3197 1365 3240 occubuerint.
1422 3197 1614 3251 Cumque
1642 3195 1777 3251 magis
1807 3211 1858 3238 ac
1887 3196 2020 3251 magis
2046 3211 2148 3253 per-

316 3250 545 3294 miscerent
572 3265 697 3304 sese,
734 3257 780 3294 et
816 3252 1105 3308 implicarent,
1136 3253 1278 3296 acrius
1307 3267 1334 3295 a
1362 3258 1485 3308 tergo
1515 3253 1756 3294 Germanus
1786 3254 2036 3309 premebat,
2066 3254 2145 3305 sic,

318 3306 478 3349 utiam
507 3308 644 3351 hostis
680 3307 805 3364 gravi
847 3315 961 3351 metu
1003 3314 1255 3365 correptus,
1295 3324 1378 3352 non
1417 3323 1466 3351 se
1509 3307 1752 3351 intenderet
1792 3309 1846 3351 ad
1886 3310 2145 3353 firmitatem.

316 3363 456 3406 Nemo
490 3378 588 3407 suos
618 3366 673 3407 ab
703 3365 963 3409 adversariis
992 3365 1323 3418 internoscebat,
1354 3364 1465 3420 quod
1497 3380 1582 3407 una
1611 3379 1753 3408 omnes
1784 3366 1943 3420 lingua,
1974 3366 2146 3408 iisdem-

321 3433 404 3476 que
433 3421 560 3468 armis
590 3428 842 3475 uterentur,
869 3422 1104 3468 indiscreta
1133 3424 1258 3467 etiam
1288 3422 1460 3480 specie,
1488 3421 1662 3475 habitu,
1692 3424 1958 3479 caeterisque
1985 3423 2142 3465 similes
