2254 3814
351 141 473 200 474
1096 138 1238 194 PRO
1245 138 1429 194 COPH

347 280 598 354 χρώμενοι
638 280 690 342 ἔς
723 279 782 332 τὸ
807 273 1055 332 παλάτιον
1090 280 1222 332 κατὰ
1245 276 1401 347 τάχος
1423 270 1562 349 ἧκον.
1648 274 1779 332 ἔνθα
1803 277 1866 345 δὴ
1902 275 2170 350 Θεόδωρον

350 371 443 437 μὲν
467 369 664 436 ἕτερον,
711 364 765 427 ὃς
803 369 903 417 τῶν
940 368 1181 434 φυλακῶν
1207 362 1406 434 ἡγεῖτο,
1452 364 1754 429 κτείνουσιν,
1801 363 1966 433 ἄνδρα
2002 371 2095 432 τῆς
2118 386 2171 417 τε

350 453 507 520 ἄλλης
536 451 718 522 ἀρετῆς
759 450 840 503 ἐπὶ
881 452 1116 503 πλεῖστον
1147 448 1337 520 ἥκοντα
1372 451 1455 502 καὶ
1492 446 1834 520 διαφερόντως
1864 447 2068 518 ἀγαθὸν
2106 449 2172 502 τὰ

350 537 581 601 πολέμια.
670 536 772 588 ἐπεὶ
798 535 852 587 δὲ
875 539 967 587 τοῦ
992 531 1151 605 φόνου
1177 533 1362 589 τούτου
1390 532 1654 603 ἐγεύσαντο
1668 575 1685 600 ,
1733 532 1934 586 ἅπαντα
1958 533 2057 602 ἤδη
2082 534 2172 587 τὸν

349 623 402 675 ἓν
433 623 580 674 ποσὶν
610 618 851 685 ἔκτεινον,
896 619 991 672 εἴτε
1024 621 1206 688 Λίβυν
1239 620 1334 673 εἴτε
1358 617 1607 687 Ῥωμαῖον
1631 616 1896 687 Σολόμωνι
1920 616 2212 689 γνώριμονό

353 706 447 759 εἴτε
468 703 713 783 χρήματα
751 706 803 758 ἓν
827 707 998 775 χερσὶν
1028 703 1237 773 ἔχοντα,
1285 705 1489 758 ε’νθένδε
1525 726 1578 758 τε
1602 706 1653 766 ἐς
1677 703 1736 757 τὸ
1763 707 2026 773 ληίζεσθαι
2051 704 2175 758 ἀπε-

288 809 324 850 c
349 789 620 862 χώρησαν,
667 790 1027 858 ἀναβαίνοντες
1053 791 1107 844 δὲ
1129 792 1180 852 ἐς
1211 790 1306 852 τὰς
1333 791 1494 852 οἰκίας
1502 830 1520 856 ,
1567 788 1698 843 ἔνθα
1725 788 1788 856 δὴ
1811 790 1882 859 μὴ
1922 795 2173 859 στρατιῶ-

173 895 213 937 V
242 896 327 938 410
355 899 439 930 ται
468 874 722 945 ἠμύνοντο
739 917 756 942 ,
803 874 1005 928 ἅπαντα
1030 876 1094 928 τὰ
1114 874 1396 944 τιμιώτατα
1419 874 1646 947 ἥρπαζον
1660 915 1677 940 ,
1725 874 1841 943 ἄχρι
1868 872 1961 938 νύξ
1983 896 2037 928 τε
2066 876 2174 927 ἔπι-

352 961 590 1033 γενομένη
617 963 698 1014 καὶ
722 961 861 1029 με’θη
891 960 982 1015 τὸν
1002 959 1158 1015 πόνον
1181 962 1512 1031 διαδεξαμένη
1541 960 1839 1014 κατέπαυσε.
1926 957 2174 1027 Σολόμων

346 1049 402 1101 δὲ
425 1048 476 1108 ἐς
496 1047 556 1100 τὸ
585 1047 736 1117 ἱερὸν,
784 1044 811 1100 ὅ
842 1047 947 1099 ε’στι
972 1047 1100 1116 με’γα
1122 1048 1174 1100 ἓν
1198 1048 1430 1121 παλατίῳ
1445 1087 1463 1112 ,
1494 1045 1756 1118 διαφυγών
1797 1045 1982 1099 ἔλαθεν
1996 1086 2014 1111 ,
2041 1045 2170 1098 ἔνθα
2189 1058 2212 1101 1

350 1132 416 1202 δὴ
446 1134 529 1186 καὶ
571 1135 845 1202 Μαρτῖνος
881 1132 1021 1204 αὐτῷ
1057 1132 1189 1203 ἀμφὶ
1225 1134 1394 1200 δείλην
1436 1131 1595 1199 ὀψίαν
1633 1126 1806 1199 ἦλθεν.
1895 1132 1998 1184 ἐπεὶ
2035 1131 2091 1183 δὲ
2126 1131 2175 1183 οἳ

345 1222 626 1272 στασιῶται
664 1215 850 1278 πάντες
889 1214 1171 1270 ἐκάθευδον
1183 1258 1198 1281 ,
1252 1213 1546 1279 ἐξελθόντες
1580 1217 1635 1269 ἐκ
1680 1221 1774 1269 τοῦ
1814 1215 1950 1286 ἱεροῦ
1990 1216 2041 1277 ἔς
2080 1215 2174 1284 τὴν

350 1300 624 1373 Θεοδώρου
650 1307 741 1354 τοῦ
768 1303 820 1353 ἐκ
843 1303 1221 1364 Καππαδοκίας
1245 1302 1406 1356 οἰκίαν
1428 1296 1597 1370 ἦλθον
1611 1342 1628 1368 ,
1679 1299 1735 1363 ὃς
1760 1299 1946 1363 αὐτοὺς
1971 1303 2173 1369 δειπνῆ-
2194 1326 2197 1329 “

346 1390 439 1440 σαί
458 1409 511 1439 τε
543 1386 604 1440 οὗ
627 1409 676 1439 τι
712 1387 1176 1456 προθυμουμένους
1208 1385 1461 1458 ἠνάγκασε
1474 1428 1492 1454 ,
1551 1389 1636 1440 καὶ
1675 1387 1726 1449 ἔς
1749 1386 1840 1440 τὸν
1863 1387 2038 1454 λιμένα
2060 1388 2173 1439 δια-

344 1473 559 1540 κομίσας
595 1473 647 1534 ἐς
685 1472 875 1540 λέμβον
924 1473 1050 1534 νειὺς
1087 1470 1152 1542 δή
1197 1494 1332 1535 τινος
1371 1470 1689 1542 ἓσεκόμιζον,
1749 1470 1805 1534 ὃς
1840 1471 1901 1540 δὴ
1944 1473 2211 1525 ἓνταῖθαΙ

278 1574 318 1615 D
348 1559 604 1631 Μαρτίνῳ
653 1559 1126 1628 παρεσκευασμένος
1180 1555 1463 1628 ἐτύγχανεν.
1550 1559 1748 1611 εἵποντο
1784 1558 1840 1610 δὲ
1877 1554 2174 1627 Προκόπιός

341 1665 423 1708 τε,
472 1642 529 1705 ὃς
553 1641 673 1696 τάδε
701 1643 1015 1714 ξυνέγραψε,
1066 1645 1150 1696 καὶ
1179 1650 1272 1711 τῆς
1298 1641 1606 1711 Σολόμωνος
1629 1644 1790 1705 οῗκίας
1816 1642 1995 1712 ἄνδρες
2029 1643 2172 1702 πέντε

339 1727 579 1797 μάλιστα.
670 1731 913 1791 σταδίους
937 1751 990 1782 τε
1018 1731 1341 1799 τριακοσίους
1366 1726 1644 1789 ἀνύσαντες
1679 1728 1919 1799 ἀφίκοντο
1948 1730 1998 1790 ἐς
2025 1732 2172 1781 Illur-

340 1811 499 1868 σούαν
534 1813 592 1866 τὸ
627 1816 1001 1882 Καρχηδονίων
1037 1815 1278 1881 ἐπίνειον,
1319 1817 1400 1868 καὶ
1442 1815 1544 1868 ἐπεὶ
1569 1814 1793 1884 ἐγένοντο
1821 1814 1872 1865 ἕν
1894 1819 1967 1885 τῷ
1998 1812 2172 1883 ἀσφα-

338 1905 439 1965 λεῖ,
488 1898 671 1951 αὐτίκα
706 1897 954 1967 Σολόμων
983 1899 1170 1953 ε’κὲλευε
1200 1903 1470 1970 Μαρτῒνον
1498 1901 1550 1962 ἐς
1573 1901 1863 1967 Νουμιδίαν
1891 1898 2031 1968 παρὰ
2056 1903 2169 1950 Βα-

338 1982 569 2055 λεριανόν
596 2005 649 2037 τε
686 1986 769 2036 καὶ
806 1991 908 2038 τῶν
946 1982 1298 2054 ξυναρχόντων
1335 1985 1456 2047 τοὺς
1480 1984 1668 2046 ἄλλους
1692 1984 1845 2050 ἰέναι,
1889 1986 2176 2051 πειρᾶσθαί

336 2091 417 2136 τε,
467 2069 519 2123 εἶ’
534 2090 643 2131 πως
673 2067 879 2124 δύναιτο
904 2069 1074 2124 αὐτῶν
1103 2071 1315 2132 ἕκαστος
1341 2075 1445 2124 τῶν
1468 2091 1612 2132 τινας
1633 2071 1898 2140 γνωρίμων
1917 2090 2171 2141 στρατιω-

448 2206 492 2249 2.
526 2204 681 2259 ἕτερον
710 2204 804 2246 Pm.
862 2205 1007 2262 Vulgo
1036 2203 1283 2260 πρότερον.
1329 2205 1464 2248 alium
1493 2205 1590 2252 RV.
1674 2206 1778 2248 ibid.
1812 2206 2048 2263 φυλακῶν]
2080 2222 2169 2258 φυ-

446 2260 860 2363 ὲίἱκωωένῗοοϋςετ.
1032 2265 1103 2308 18.
1139 2261 1369 2320 μισσούαν
1410 2263 1583 2308 ALHm.
1639 2265 1890 2309 Μεσσούαν
1929 2265 2021 2307 ΗΡ.
2059 2266 2170 2307 Μίε-

335 2446 561 2500 nuntiant,
602 2454 647 2492 et
679 2449 726 2491 in
765 2447 904 2506 ipsum
933 2449 1077 2493 officio
1119 2450 1373 2508 stipatorum
1401 2449 1660 2505 fungentes,
1702 2448 1831 2491 multo
1862 2462 1955 2491 cum
1983 2448 2166 2506 strepitu
2210 2495 2211 2498 ,

338 2507 393 2549 ad
424 2505 628 2562 palatium
667 2513 917 2563 properant.
974 2508 1060 2550 Hic
1098 2507 1379 2551 Theodorum
1420 2507 1627 2558 alterum,
1674 2506 1965 2549 excubitorum
2003 2508 2165 2559 ducem,
2203 2547 2206 2550 .

336 2563 473 2605 virum
502 2563 667 2618 ingenti
695 2564 856 2606 virtute
889 2564 1157 2620 praeditum,
1204 2573 1334 2621 atque
1376 2563 1594 2620 egregium
1623 2563 1871 2606 bellatorem
1901 2563 2164 2615 interimunt.
2208 2589 2211 2594 ·

335 2620 476 2663 Huius
513 2620 721 2675 sanguine
761 2621 977 2674 delibato,
1032 2623 1202 2664 obvium
1254 2636 1464 2678 quemque
1513 2624 1700 2664 mactant
1744 2619 1858 2664 nullo
1900 2619 2203 2673 discrimine‚·

337 2678 483 2719 Afrum
512 2677 634 2719 iuxta
664 2692 714 2719 ac
757 2677 988 2720 Romanum
1014 2678 1229 2722 Salomoni
1268 2679 1470 2731 amicum,
1515 2677 1706 2734 quamvis
1737 2677 1954 2733 pecuniam
1985 2677 2040 2719 ad
2069 2692 2165 2719 ma-

337 2748 432 2775 num
463 2734 618 2776 habeat
647 2735 900 2791 afferatque.
959 2736 1064 2779 Inde
1093 2749 1141 2779 se
1170 2737 1224 2780 ad
1263 2736 1545 2793 direptionem
1574 2739 1845 2778 convertunt.
1902 2734 2055 2790 Itaque
2084 2736 2165 2778 do-

335 2804 423 2833 mos
454 2790 660 2846 ingressi,
701 2791 875 2834 militari
920 2793 1135 2850 praesidio
1176 2808 1356 2847 vacuas,
1402 2791 1711 2850 pretiosissima
1750 2805 1944 2848 quaeque
1973 2791 2162 2847 rapiunt,

334 2849 470 2890 donec
499 2847 634 2890 noctis
664 2847 928 2892 interventus
966 2858 1012 2893 et
1041 2857 1270 2893 consecuta
1300 2849 1491 2893 ebrietas
1509 2848 1695 2905 quietem
1715 2849 1962 2892 attulerunt.
1992 2849 2164 2891 Interea

333 2904 533 2947 Salomon
563 2904 607 2946 in
647 2906 804 2961 templo
843 2907 1026 2963 palatii,
1067 2921 1171 2950 sane
1209 2923 1387 2964 magno,
1435 2907 1620 2950 latebat:
1650 2920 1734 2961 quo
1766 2910 1810 2948 et
1839 2906 2051 2947 Martinus
2081 2907 2162 2947 sub
2192 2928 2198 2934 ν

331 2965 499 3004 noctem
527 2975 619 3004 sese
649 2964 829 3018 recepit.
890 2965 995 3006 Inde
1025 2965 1207 3020 egressi,
1236 2980 1331 3008 cum
1361 2964 1444 3007 iam
1472 2975 1642 3006 somnus
1670 2962 1894 3004 seditiosos
1919 2963 2162 3017 complexus
2200 2987 2207 2998 =-

332 3023 477 3071 esset,
506 3017 550 3060 in
586 3019 749 3060 domum
780 3034 828 3062 se
858 3022 1076 3065 contulere
1105 3022 1327 3064 Theodori
1353 3019 1648 3077 Cappadocis,
1680 3018 1753 3075 qui
1778 3033 1910 3061 coena
1937 3019 2060 3071 illos,
2089 3019 2161 3062 vel
2204 3019 2206 3022 ’

330 3075 517 3127 invitos,
548 3076 744 3131 accepit,
775 3084 820 3118 et
849 3078 903 3119 ad
935 3086 1102 3134 portum
1132 3079 1323 3133 delatos,
1353 3080 1398 3121 in
1427 3076 1642 3120 cuiusdam
1671 3075 1832 3131 navigii
1861 3076 2030 3118 maioris
2058 3076 2163 3118 lem-
2198 3098 2206 3131 f

330 3132 455 3185 bum,
486 3132 561 3189 qui
589 3131 648 3174 ibi
679 3132 867 3176 Martino
899 3142 1072 3190 paratus
1099 3141 1219 3186 erat,
1250 3134 1463 3192 imposuit.
1525 3133 1613 3183 Qui
1642 3133 1749 3175 haec
1776 3133 1917 3174 literis
1946 3133 2206 3181 mandavit:

331 3190 598 3246 Procopius,
644 3189 837 3231 comitem
866 3205 914 3232 se
947 3192 1032 3232 illis
1067 3192 1259 3244 addidit,
1302 3207 1394 3235 cum
1434 3188 1669 3233 Salomonis
1710 3190 1952 3232 domesticis
1993 3190 2159 3232 omnino
2186 3198 2203 3209 '¹
2243 3218 2245 3227 ι

331 3247 534 3302 quinque.
592 3245 746 3288 Stadia
774 3252 967 3289 trecenta
998 3249 1217 3303 provecti,
1257 3250 1500 3300 Meswam,
1540 3247 1693 3290 navale
1723 3247 2156 3302 Carthaginiensium,
2196 3279 2198 3281 »

329 3303 579 3358 attigerunt.
637 3302 772 3345 Simul
801 3318 851 3346 ac
879 3304 1002 3346 fuere
1030 3304 1074 3346 in
1103 3311 1222 3355 tuto,
1261 3304 1492 3347 Martinum
1522 3304 1718 3347 Salomon
1758 3303 1802 3345 in
1831 3304 2071 3346 Numidiam
2102 3304 2158 3346 ad

331 3360 599 3403 Valerianum
630 3360 845 3417 ducesque
886 3369 1081 3403 caeteros
1120 3361 1340 3410 destinat,
1393 3360 1672 3429 mandatque,
1715 3366 1761 3403 ut
1792 3374 1868 3416 pro
1898 3361 2013 3403 virili
2042 3361 2172 3416 quis-'

330 3431 417 3474 que
444 3425 570 3475 parte
599 3416 758 3462 amicos
787 3417 868 3462 sibi
898 3417 1053 3461 milites
1083 3419 1153 3462 vel
1182 3418 1387 3477 pecunia,
1429 3419 1499 3468 vel
1527 3418 1612 3462 aha
1640 3417 1838 3476 quapiam
1868 3417 2035 3462 ratione
2066 3417 2157 3460 ille-
