2098 3874
183 837 669 915 EDITIONIS
701 834 1210 912 PARISINAE
1237 834 1809 910 DEDICATIO.

580 1054 1415 1113 AMPLISS·IMO

336 1161 1363 1215 ILLUSTRISSIMOQUE
1431 1159 1655 1205 VIRo

80 1363 696 1455 PETRO
813 1251 1906 1473 SDEIEUIERIQ

702 1503 1287 1568 FRANCIAE

437 1612 1555 1693 CANCELLARIO.

75 1871 163 1961 N
164 1930 230 1962 on
265 1912 387 1964 adeo
422 1931 532 1964 sum
564 1911 747 1979 hospes
784 1912 837 1961 in
867 1910 1059 1979 patria,
1103 1910 1483 1961 Irnusrmssmn
1530 1913 1910 1974 Cmcummm

77 2005 137 2048 nt
170 1998 412 2062 nesciam,
463 2004 706 2064 quantum
740 1995 882 2047 iuves
918 1998 1090 2046 favore
1136 2005 1223 2046 tuo
1265 1997 1543 2046 mirabilem
1580 1998 1768 2047 Galliae
1804 2000 1912 2048 foe-

0 2112 1 2116 =
77 2083 413 2134 moditatem:
451 2100 547 2148 qua
581 2091 632 2132 et
666 2082 787 2132 novi
826 2082 1138 2147 ingeniorum
1174 2083 1523 2132 excellentium
1559 2083 1719 2132 foetus
1755 2085 1913 2132 edun-

76 2177 166 2218 tur
200 2167 451 2233 quotidie3
515 2176 564 2218 et
605 2174 828 2232 veteres,
889 2174 1035 2232 atque
1072 2166 1190 2215 alibi
1226 2167 1357 2231 nati,
1419 2167 1614 2218 felicius
1650 2168 1785 2234 apud
1820 2186 1912 2217 nos

76 2260 429 2304 renascuntur.
510 2251 659 2302 Multi
695 2259 854 2313 certe,
911 2268 1032 2317 quos
1067 2249 1219 2301 hodie
1265 2253 1515 2303 redivivos
1548 2254 1912 2320 amplectimur,

75 2339 131 2389 in
167 2338 349 2388 abditis
387 2335 800 2386 bibliothecarum
833 2336 1016 2403 pluteis
1052 2335 1219 2386 adhuc
1251 2338 1494 2397 iacerent3
1538 2339 1635 2387 nisi
1671 2339 1911 2389 eiusmodi

75 2423 295 2473 tumulos
340 2419 616 2486 benignitas
652 2428 741 2470 tua
785 2420 1082 2486 aperuisset,
1144 2438 1202 2470 ac
1248 2423 1460 2488 sepultis
1507 2423 1712 2473 vitalem
1749 2442 1913 2489 quan-

75 2508 191 2558 dam
233 2506 452 2557 afflasset
499 2521 684 2554 auram.
756 2505 812 2553 In
848 2505 1022 2572 primis
1059 2523 1175 2572 pars
1212 2507 1402 2573 optima
1435 2506 1683 2558 Historiae
1718 2510 1908 2574 Byzan-

76 2593 211 2642 tinae
243 2591 359 2641 Tibi
394 2591 607 2641 animam
643 2589 815 2654 debet,
853 2590 1039 2655 ingenti
1069 2600 1318 2658 receptam
1362 2610 1596 2659 corpore;
1635 2601 1684 2642 et
1710 2594 1910 2658 quidem

76 2678 174 2740 ita,
210 2678 271 2727 nt'
306 2676 368 2726 ab
401 2675 610 2726 interitu
644 2676 742 2724 iam
779 2675 926 2741 plane
962 2692 1139 2725 secura
1173 2677 1253 2727 sit.
1321 2677 1431 2727 Hoc
1468 2687 1634 2727 autem
1671 2678 1781 2742 quis
1816 2697 1912 2744 pro

75 2761 255 2812 merito
289 2761 514 2811 aestimet
548 2761 868 2822 beneficium,
909 2777 1007 2825 quo
1043 2761 1200 2828 spirat
1234 2780 1293 2812 ac
1326 2763 1554 2830 loquitur
1586 2761 1790 2827 insignis
1825 2763 1914 2812 illa

85 2847 380 2913 Temporum
418 2848 591 2908 tutia,-
652 2846 788 2910 viget
831 2846 955 2894 Vita
990 2849 1286 2909 memoriae3
1349 2850 1496 2898 docet
1531 2846 1799 2913 Magistra
1833 2850 1915 2897 vi-

78 2940 191 2993 εαες
225 2931 418 2982 animos
451 2939 589 2981 tenet
628 2932 828 2979 Nuntia
862 2932 1164 2980 vetustatis?
1218 2933 1401 2982 Munus
1437 2933 1557 2981 adeo
1593 2931 1912 2981 memorabile

77 3014 318 3079 lectores,
353 3017 398 3066 si
430 3016 556 3082 grati
590 3014 761 3066 haberi
794 3015 1000 3079 volunt,
1037 3033 1094 3065 eo
1130 3017 1280 3082 magis
1316 3017 1631 3083 praedicent,
1679 3034 1777 3083 quo
1814 3017 1915 3065 mi-

76 3117 170 3151 nus
205 3099 439 3151 authore·
472 3109 698 3167 possunt.
770 3100 870 3161 Qui
905 3100 949 3150 si
977 3118 1113 3150 nunc
1147 3101 1407 3166 viverent,
1442 3110 1493 3151 et
1526 3103 1639 3151 luce
1674 3103 1774 3151 suis
1799 3119 1912 3151 mo-

80 3185 339 3235 numentis
373 3185 566 3236 reddita
603 3186 917 3250 fruerentur,
978 3203 1146 3236 omnes
1194 3203 1293 3236 uno
1342 3203 1428 3237 ore
1467 3187 1761 3237 iustissimas
1798 3187 1910 3236 Tibi

79 3271 261 3334 gratia·
307 3278 526 3336 agerent.
608 3271 717 3319 Tali
755 3273 1035 3322 Paocorws
1074 3272 1399 3321 Caesariensis
1442 3274 1611 3322 officio
1649 3291 1752 3322 non
1787 3291 1911 3322 con-

82 3353 554 3423 tentm,’probaret
587 3373 782 3419 meum3
840 3356 1046 3422 visaque
1081 3357 1175 3405 hac
1210 3373 1417 3406 suorum
1453 3357 1673 3424 Operum
1710 3375 1910 3408 nuncu-

81 3435 310 3503 patione,
366 3439 490 3489 mihi
526 3440 786 3491 consilium
822 3442 1094 3507 optimum,
1151 3441 1244 3491 sibi
1280 3442 1488 3506 samam,
1545 3444 1911 3494 immortalitate

82 3520 308 3571 Nominis
354 3530 441 3573 tua
489 3542 768 3576 mansuram
815 3528 1163 3591 gratularetur.
1257 3527 1453 3592 Stylum
1503 3528 1681 3591 etiam,
1741 3528 1907 3589 credo,
