2254 3814
325 215 447 276 436
1073 209 1404 265 PROCOPH

326 364 508 424 τοῦτο,
557 354 724 424 οἶμαι,
766 355 848 406 καὶ
875 351 967 422 τὴν
1010 352 1305 421 ἐλευθερίαν
1340 353 1707 422 προΐσχεσθαι,
1746 346 1816 411 ὥς
1853 347 1917 416 δὴ
1948 346 2148 402 ἅπαντα

323 442 515 511 ταύτης
538 442 602 494 τὰ
636 439 882 508 μοχθηρὰ
920 436 1372 491 ἀνταλλάσσεσθαι
1404 435 1562 499 ἄξιον.
1646 432 1754 487 εἶτα
1778 439 1870 487 νῦν
1892 437 2151 503 ΠῙαυρου-

325 531 447 582 σίων
470 534 578 587 τοῖς
608 545 660 593 γε
698 521 1059 590 ἀτυχεστάτοις
1088 523 1179 575 οὐκ
1210 522 1299 575 οἷἐι
1323 517 1608 585 δουλεύειν,
1654 518 1710 581 ὃς
1734 519 1828 586 τὴν
1857 520 2033 570 ἐλπίδα
2057 522 2151 570 τοῦ

148 618 190 660 V
219 618 301 662 395
334 611 621 676 σώζεσθαι,
665 607 727 676 ἢν
751 607 816 660 τὰ
844 604 1089 676 κράτιστα
1117 607 1275 679 φέρῃ,
1321 606 1408 659 ἐπ’
1437 605 1610 666 αὐτοῖς
1637 603 1778 673 ἔχεις.
1855 605 2018 656 καίτοι
2044 608 2154 663 πῶς

325 697 389 751 liv
422 695 533 763 οὐχὶ
557 698 630 766 τῷ
667 695 819 746 παντὶ
851 692 1055 760 ἄμεινον
1082 693 1156 760 εἴη
1188 688 1440 745 δουλεύειν
1472 688 1808 758 ἐνῬωμαίοις
1831 685 2193 756 πτωχεύοντα5

323 781 356 850 ἢ
389 787 650 848 τυραννεῖν
677 779 728 832 ἐν
758 774 1023 852 Παπποῦᾳ
1045 798 1098 831 τε
1125 779 1208 830 καὶ
1233 776 1593 847 Μαυρουσίοις
1604 799 1624 844 ‚-
1663 772 1864 836 πάντως
1891 774 1950 826 δέ
1969 795 2050 826 σοι
2072 774 2155 825 καὶ

325 866 384 919 τὸ
433 860 691 936 ξυνδούλῳ
739 864 1024 935 Βελισαρίῳ
1074 860 1199 915 εἶναι
1236 858 1496 932 ὑπερβολή
1535 881 1613 922 τις
1658 859 1854 931 ’ἶῖβρεως
1902 860 2151 929 φαίνεται.

260 960 300 1003 D
333 950 523 1020 ἄπαγε,
584 942 626 1002 ὦ
663 948 892 1014 βέλτιστε
931 952 982 1000 Γ
979 948 1163 1018 ελίμερ.
1261 942 1294 1014 ’ἦ
1330 949 1414 999 καὶ
1455 943 1594 1013 ἡμεῖς
1624 945 1716 999 οὐκ
1750 947 1803 1008 ἐξ
1840 944 2155 1013 εὐπατριδῶν

326 1032 581 1105 γεγονότες
600 1038 805 1100 βασιλεῖ
822 1037 912 1085 νῦν
940 1030 1204 1102 ὑπηρετεῖν
1233 1032 1517 1100 αὗχοῦμενς
1546 1033 1630 1084 καὶ
1654 1031 1757 1098 μὴν
1780 1030 2006 1099 λέγουσιν
2025 1029 2155 1082 Ἰου-

328 1124 566 1191 στινιανῷ
602 1123 805 1185 βασιλεῖ
835 1118 1129 1190 βουλομένῳ
1167 1115 1290 1170 εἶναι
1324 1117 1373 1179 ἴς
1414 1138 1467 1169 τε
1499 1115 1695 1183 βουλὴν
1742 1111 2064 1184 ἄνᾶγραπτόν
2100 1134 2154 1167 σε
2173 1128 2226 1167 10

328 1202 676 1272 ποιήσασθαι,
724 1208 872 1269 τιμῆς
915 1199 1268 1270 μεταλαχόντα
1304 1207 1399 1269 τῆς
1437 1197 1712 1266 ἀνωτάτω,
1778 1198 1839 1267 ἣν
1881 1199 1944 1268 δὴ
1974 1221 2158 1269 πατρι-

329 1293 452 1344 κίων
478 1294 718 1352 καλοῦσι,
767 1290 850 1339 καὶ
873 1285 1022 1361 χώρα
1053 1308 1106 1339 τε
1136 1291 1298 1357 πολλῇ
1334 1288 1417 1339 καὶ
1441 1285 1616 1357 ἀγαθῇ
1640 1287 1724 1338 καὶ
1746 1281 1978 1355 χρήμασι
2000 1281 2157 1353 μεγά-

329 1381 437 1437 λοις
475 1371 816 1443 δωρήσασθαι
842 1412 858 1437 ,
913 1369 1215 1439 Βελισάριόν
1260 1393 1312 1424 τε
1361 1372 1553 1426 ἐθέλειν
1600 1369 1940 1438 ἀναδέχεσθαι
1991 1367 2159 1423 πάντα

327 1464 495 1512 ταῦτα
522 1457 738 1511 ἔσεσθαί
758 1477 839 1509 σοι
861 1497 877 1522 ,
924 1458 1116 1519 πίστεις
1138 1452 1346 1511 διδόντι.
1435 1455 1499 1511 σύ
1526 1456 1582 1509 δὲ
1606 1454 1703 1509 ὅσα
1723 1457 1815 1523 μὲν
1840 1453 1872 1523 ἦ
1901 1452 2028 1523 τύχη
2060 1476 2160 1522 μο-

326 1545 503 1614 χθηρὰ
530 1542 732 1613 ἤνεγκε,
779 1541 947 1613 φέρειν
985 1543 1224 1611 γενναίως
1262 1539 1368 1605 οἷός
1389 1564 1444 1596 τε
1486 1539 1532 1595 εἷ
1551 1539 1720 1594 πάντα
1745 1540 1810 1594 τὰ
1839 1541 2042 1594 ἐνθένδε
2068 1540 2158 1592 ἀν-
2176 1548 2229 1593 15

329 1627 530 1702 θρώπῳ
568 1649 620 1698 γε
653 1627 759 1680 ὄντι
797 1627 1048 1697 ἀναγκαῖα
1084 1626 1209 1681 εἶναι
1243 1625 1487 1695 οἰόμενος.
1576 1626 1641 1696 ἢν
1678 1625 1738 1679 δέ
1762 1648 1857 1679 τινι
1884 1626 2068 1697 ἀγαθῷ
2095 1625 2160 1678 τὰ

332 1718 550 1784 δυσχερῆ
575 1718 742 1766 ταῦτα
782 1710 1154 1782 ξυγκεραννύειν
1182 1713 1546 1780 βεβούλευται,
1590 1717 1745 1765 τοῦτο
1781 1713 1836 1764 δὲ
1861 1711 2016 1788 αὐτὸς
2041 1713 2161 1763 ἐθε-

156 1809 193 1852 Ρ
222 1815 306 1860 250
335 1798 540 1860 λούσιος
577 1798 828 1861 δέξασθαι
864 1798 956 1851 οὐκ
995 1797 1059 1852 ἂν
1094 1798 1319 1868 ἄξιοίηςς
1361 1798 1393 1866 ἢ
1437 1798 1530 1866 οὐχ
1564 1795 1752 1866 ὁμοίως
1780 1806 1888 1859 τοῖς
1913 1793 2162 1868 φλαύροις

331 1879 580 1954 ἀναγκαῖά
603 1904 655 1951 γε
682 1880 801 1950 ἡμῖν
828 1886 910 1936 καὶ
936 1883 1001 1936 τὰ
1025 1884 1167 1954 παρὰ
1190 1889 1281 1951 τῆς
1313 1881 1470 1953 τύχης
1497 1883 1674 1952 ἀγαθὰ
1697 1883 1953 1951 λογιστέον
1964 1906 1983 1951 ‚-
2029 1882 2162 1934 ἀλλὰ

331 1975 498 2024 ταῦτα
532 1969 626 2036 μὲν
666 1968 785 2020 οὐδὲ
824 1976 932 2030 τοῖς
970 1967 1173 2039 σφόδρα
1210 1967 1446 2037 ἀνοήτοις
1471 1972 1622 2022 δοκεῖ.
1659 2010 1661 2012 .
1712 1970 1792 2021 σοὶ
1821 1969 1907 2034 δὲ,
1954 1973 2044 2020 νῦν
2068 1967 2159 2030 μὲν
2174 1977 2243 2032 2⁰:

329 2053 718 2125 βεβαπτισμένῳ
747 2062 859 2114 ταῖς
882 2063 1201 2124 συμφοραῖς,
1248 2053 1466 2126 ἀξυνέτῳ
1483 2095 1499 2119 ,
1546 2051 1615 2115 ὥς
1650 2051 1708 2107 τὸ
1737 2052 1894 2118 εἰκὸς,
1944 2054 2163 2119 ξυμβαί-

330 2161 401 2194 νει
429 2137 554 2193 εῗναι
572 2155 585 2167 ·
675 2137 878 2206 ἀθυμία
901 2139 999 2209 γὰρ
1027 2137 1318 2207 ἐκπλήξασα
1346 2141 1398 2202 ἐς
1425 2139 1675 2207 ἀβουλίαν
1690 2138 1973 2210 τρέπεσθαι
1997 2138 2164 2213 πέφυ-

446 2286 490 2331 4.
521 2281 610 2344 ἢν]
640 2281 670 2344 ἢ
703 2286 790 2331 Pm.
929 2289 1034 2334 ibid.
1064 2287 1180 2348 φέρῃ
1208 2289 1298 2333 AL.
1360 2286 1490 2345 φέρει
1517 2289 1570 2333 Ρ.
1630 2286 1788 2345 φέρειν
1814 2289 1905 2332 Pm.
2029 2290 2069 2332 8.
2100 2279 2160 2343 ἦ]

444 2340 476 2401 ἢ
505 2345 556 2389 1..
645 2345 712 2389 14.
743 2343 920 2391 διδόντι
949 2347 1241 2392 Hoeschelius.
1271 2347 1462 2394 διδόντα
1483 2349 1536 2394 Ρ.
1567 2346 1751 2394 διδόναι
1764 2349 1862 2392 Hm.
1946 2347 2019 2391 21.
2049 2347 2161 2402 ξυμ-

444 2405 595 2461 βαίνει
623 2402 674 2448 L.
732 2406 974 2463 συμβαίνει
1000 2404 1053 2449 P.

332 2518 428 2561 Hoc
458 2517 598 2571 enim,
629 2516 713 2560 nisi
733 2519 900 2572 fallor,
928 2518 1092 2571 iactas,
1121 2533 1185 2563 ae¹
1208 2519 1452 2563 libertatem
1478 2519 1698 2574 obtendis,
1727 2524 1935 2575 tanquam
1965 2520 2162 2576 dignam,

331 2577 452 2619 euius
480 2586 616 2616 eausa
644 2588 878 2617 aerumnae
922 2577 1139 2633 quaelibet
1178 2579 1427 2620 subeuntur.
1486 2578 1579 2620 Nee
1619 2579 1914 2621 tamen‘vides
1942 2585 1985 2620 te
2014 2581 2164 2632 infeli-
2247 2574 2254 2634 ,Ἴ

333 2633 529 2675 eissimae
560 2633 810 2675 Maurorum
830 2634 922 2687 fe'ci
964 2635 1148 2686 servire,
1189 2635 1289 2677 dum
1329 2635 1376 2678 in
1417 2648 1471 2677 ea
1507 2636 1661 2678 salutis
1700 2650 1753 2676 ae
1793 2636 2022 2692 dignitatis
2059 2643 2162 2678 tuae
2239 2639 2254 2689 j

332 2703 450 2745 spem
466 2689 591 2744 figis.
651 2692 709 2732 At
737 2704 875 2732 nonne
910 2698 1158 2746 praestaret
1197 2694 1366 2735 subesse
1408 2693 1575 2734 domino
1615 2693 1734 2748 apud
1762 2693 1978 2735 Romanos
2005 2695 2076 2735 vel
2104 2693 2163 2735 ad
2244 2690 2254 2742 -1

333 2747 652 2789 mendicitatem
692 2748 939 2801 redactum,
982 2764 1112 2804 quam
1154 2749 1360 2806 Poppuae
1401 2764 1453 2792 ae
1502 2750 1750 2792 Maurorum
1779 2757 2007 2804 tyrannum
2037 2749 2163 2793 esse?

335 2805 594 2846 Probrosum
622 2805 781 2848 scilicet
810 2820 940 2860 supra
968 2820 1098 2862 quam
1128 2807 1213 2849 dici
1238 2809 1388 2863 possit,
1416 2822 1469 2849 ae
1498 2814 1624 2863 turpe
1653 2809 1796 2856 ducis,
1827 2809 2042 2850 subditum
2073 2821 2162 2850 esse

334 2876 430 2904 cum-
460 2861 671 2902 Belisario
701 2863 838 2904 eidem
875 2865 1075 2919 principi.
1134 2867 1292 2921 Apage
1319 2865 1559 2907 istiusmodi
1602 2865 1937 2921 cogitationem,
1962 2867 2163 2920 praeela-
2231 2872 2238 2884 ‘

333 2919 501 2961 rissime
533 2919 732 2962 Gelimer.
791 2922 860 2962 An
900 2936 986 2963 non
1030 2928 1073 2964 et
1100 2922 1184 2977 ipsi
1211 2923 1340 2964 claris
1366 2924 1451 2964 orti
1478 2923 1718 2975 natalibus,
1758 2923 2012 2977 Imperatori
2042 2924 2162 2965 obse-
2235 2923 2254 2979 ζ’

335 2976 411 3032 qui
437 2975 714 3031 gloriamur?
754 2977 887 3018 Porro
921 2982 1076 3031 ferunt
1104 2981 1379 3023 constitutum
1408 2994 1497 3022 esse
1527 2981 1765 3022 Iustiniano
1805 2982 1920 3034 Aug.
1952 2981 2162 3022 ascribere

336 3041 381 3076 te
410 3033 607 3083 senatui,
646 3048 806 3076 summo
839 3035 1100 3079 Patriciatus
1129 3037 1286 3079 honore
1314 3043 1539 3089 ornatum,
1578 3043 1621 3079 et
1649 3038 1805 3091 optimo
1834 3037 2064 3090 latifundio
2086 3052 2164 3092 pe-

338 3091 550 3145 cuniaque
579 3091 748 3146 ingenti
776 3092 963 3144 donare,
995 3108 1047 3134 ac
1078 3096 1187 3136 velle
1217 3095 1500 3146 Belisarium‚
1530 3094 1637 3136 data
1654 3095 1778 3148 fide,
1808 3093 1915 3135 llaec
1944 3096 2088 3136 omnia
2116 3096 2163 3136 in
2231 3146 2234 3150 Α

337 3163 382 3190 se
408 3148 620 3202 recipere,
651 3162 701 3189 ae
728 3150 932 3202 praedem
958 3152 1070 3202 fieri.
1131 3152 1198 3194 Tu
1228 3153 1398 3206 quidem
1433 3153 1634 3193 adversos
1664 3164 1807 3192 omnes
1835 3153 2052 3194 Fortunae
2085 3165 2162 3193 ca-
2234 3159 2235 3162 ’

338 3219 410 3247 sus
438 3219 599 3261 magno
629 3207 750 3259 serre
792 3207 935 3247 animo
969 3214 1115 3261 potes,
1157 3209 1239 3250 hae
1267 3210 1465 3263 opinione
1503 3208 1710 3259 imbutus,
1748 3208 1857 3250 nihil
1885 3210 1940 3250 ab
1968 3211 2064 3264 ipsa
2092 3211 2163 3250 in-

337 3268 507 3305 vectum
536 3275 650 3313 esse,
693 3263 804 3318 quod
841 3264 949 3317 tibi,
990 3265 1145 3319 quippe
1184 3266 1369 3318 homini,
1399 3266 1653 3320 patiendum
1693 3279 1779 3306 non
1817 3268 1873 3309 sit
1902 3268 2159 3308 necessario.

345 3320 500 3362 Verum
527 3320 565 3361 si
594 3320 683 3361 Deo
708 3321 851 3374 placet
879 3335 1108 3363 aerumnas
1144 3328 1244 3365 tuas
1273 3323 1377 3364 bono
1405 3323 1548 3377 aliquo
1576 3328 1840 3377 temperare,
1881 3325 1929 3365 id
1957 3330 2006 3367 tu
2032 3325 2159 3365 vide-

340 3378 441 3420 licet
467 3379 580 3420 ultro
607 3377 820 3432 respuas?
863 3379 1018 3420 Nonne
1048 3393 1183 3433 aeque
1211 3379 1450 3421 necessaria
1478 3381 1689 3422 censenda
1717 3387 1817 3422 sunt
1842 3395 2022 3423 munera
2056 3382 2161 3422 For-

341 3441 473 3477 tunae
512 3449 564 3477 ae
603 3434 800 3477 damna?
852 3435 924 3478 Ita
960 3438 1148 3490 profecto
1184 3438 1372 3479 sentiant
1400 3437 1468 3478 vel
1496 3438 1681 3480 maxime
1709 3438 1882 3493 stupidi.
1942 3440 2038 3480 Iam
2066 3438 2160 3493 qui-
2223 3469 2227 3476 .

343 3492 441 3535 dem
468 3497 514 3537 te
548 3493 678 3536 malis
714 3506 923 3546 mersum,
965 3494 1164 3538 credibile
1203 3500 1267 3539 est
1294 3495 1465 3537 consilio
1496 3496 1643 3540 defici:
1684 3510 1788 3539 nam
1815 3497 1942 3539 huius
1969 3497 2159 3551 inopiam
2226 3511 2228 3514 ’
