2254 3814
805 163 1138 217 ARGUMEN
1140 163 1305 216 TUM.
1845 158 1884 217 4
1895 162 1923 216 1
1938 162 1966 216 1

128 301 277 357 origo,
308 305 353 344 et
379 301 510 344 varia
529 302 731 356 fortuna.
776 300 893 355 (10.)
968 300 1208 342 Salomonis
1236 313 1288 341 ac
1320 298 1571 341 Maurorum
1599 301 1775 339 mutuae
1803 297 1972 341 literae.

137 360 364 414 Utriusque
393 361 506 401 aciei
533 358 766 413 dispositio.
829 357 1056 399 Concioncs
1090 359 1315 401 militares.
1362 355 1597 398 Proelium.
1665 355 1854 397 Victoria
1883 355 1974 396 1³0-

126 430 365 460 manorum.
394 416 520 471 (11.)
583 415 733 456 Mauri
763 415 918 455 bellum
947 415 993 455 in
1021 416 1240 456 Romanos
1267 414 1529 456 instaurant.
1588 412 1803 469 Burgaon
1830 413 1975 467 Byza-

125 474 184 515 cii
212 487 348 515 mons.
410 471 652 514 Salomonis
680 471 740 512 ad
772 471 988 512 Romanos
1029 473 1231 513 militaris
1259 474 1412 514 oratio.
1472 470 1695 525 Stupenda
1723 470 1978 512 Maurorum

126 530 285 572 clades.
315 529 437 584 (12.)
493 529 673 571 Althiae
707 541 803 569 cum
834 528 968 569 labda
991 528 1244 570 Maurorum
1270 530 1465 584 principe
1492 528 1718 584 singulare
1747 534 1978 570 certamen.

76 632 90 640 ,
134 589 325 630 Mentem
365 587 600 628 Aurasium
636 585 746 640 petit
780 585 1000 630 Salomon.
1079 586 1203 627 Illius
1234 587 1391 628 montis
1420 586 1662 640 descriptio.
1739 585 1980 628 Salomonis

125 650 304 686 conatus
331 643 460 685 irriti.
524 642 641 685 Novi
669 649 936 697 apparatus,
964 643 1221 697 praesertim
1251 644 1462 685 adversus
1492 644 1670 685 Mauros
1697 643 1745 685 in
1773 643 1980 686 Sardinia

127 702 348 758 degentes.
379 700 503 755 (13.)
562 700 804 743 Belisarius
837 700 1007 742 Gotthis
1041 701 1236 742 Siciliam
1267 701 1410 754 eripit.
1469 701 1542 742 Sol
1568 714 1648 755 per
1676 715 1838 743 annum
1867 702 1981 743 inte-

123 772 255 815 grum
283 758 503 801 laboranti
528 758 693 801 similis.
752 758 917 800 Seditio
946 757 1132 799 militum
1160 758 1206 798 in
1237 760 1405 810 Africa,
1436 764 1480 799 et
1509 758 1748 800 coniuratio
1779 760 1824 800 in
1853 760 1981 801 Salo-

124 829 307 859 monem.
355 815 518 858 Eorum
538 819 682 869 furor.
725 815 969 857 Salomonis
998 821 1040 857 et
1072 814 1268 867 Procopii
1288 818 1423 871 suga.
1455 815 1573 870 (14.)
1634 817 1837 858 Seditiosi
1870 816 1980 858 Car-

125 873 353 930 thaginem
389 873 595 915 obsident.
654 873 834 916 Missum
863 886 893 914 a
925 873 1154 914 Salomone
1186 872 1428 926 Ioscplzium
1457 879 1630 916 necant.
1690 874 1851 915 Audito
1896 874 1980 916 ad-

125 937 256 973 ventu
283 930 493 973 Belisarii
508 930 711 986 fugiunt.
773 930 981 972 Belisarii
1008 936 1051 973 ct
1081 932 1237 971 Stozae
1258 930 1544 983 factiosorum
1586 930 1706 972 ducis
1744 932 1978 974 conciones.

126 987 370 1031 Betim-ius
395 989 531 1031 victor
567 989 615 1030 in
647 988 843 1031 Siciliam
871 988 999 1030 redit.
1058 988 1212 1030 Stozas
1244 988 1292 1029 in
1323 987 1535 1029 Numidia
1572 988 1730 1029 milites
1761 988 1979 1031 Romanos

125 1046 174 1088 in
200 1052 354 1101 partes
379 1059 482 1088 suas
510 1045 663 1089 trahit.
717 1047 875 1094 Duces,
905 1051 1054 1087 contra
1070 1047 1211 1100 fidem
1241 1045 1409 1097 datam,
1439 1046 1654 1099 interficit.
1684 1046 1805 1100 (15.)
1871 1048 1982 1088 Ger-

127 1116 282 1146 manus
322 1117 354 1146 a
398 1103 638 1145 Iustiniano
680 1104 727 1145 in
765 1105 959 1157 Africam
1003 1104 1182 1154 missus,
1229 1103 1415 1144 militum
1457 1103 1622 1143 animos
1649 1102 1734 1144 sibi
1765 1105 1980 1147 conciliat.

123 1162 279 1204 sim·
309 1161 621 1216 Carthaginem
647 1162 771 1216 petit.
807 1162 1048 1202 Germanus
1077 1161 1306 1203 exercitum
1339 1161 1482 1202 educit
1512 1166 1555 1203 et
1583 1159 1831 1214 alloquitur.
1862 1161 1981 1216 (16.)

127 1218 303 1261 Stozam
352 1220 595 1261 Germanus
632 1220 679 1260 in
719 1219 974 1261 Numidiam
1015 1219 1264 1262 redeuntem
1306 1219 1512 1274 sequitur.
1578 1218 1808 1273 Utriusque
1849 1219 1980 1261 acies.

127 1277 393 1320 Acerrimum
418 1277 649 1332 praelium.
712 1279 869 1318 Stozae
888 1281 1026 1331 suga.
1057 1276 1175 1331 (17.)
1264 1275 1532 1331 Opprimitur
1559 1275 1798 1318 coniuratio
1834 1275 1981 1318 Maxi-

56 1358 57 1362 =
124 1335 256 1384 nini,
284 1335 560 1388 tyrannidem
589 1336 852 1390 affectantis.
878 1335 999 1389 (18.)
1081 1335 1244 1377 Iterum
1273 1334 1450 1388 Africae
1476 1333 1729 1388 praeficitur
1760 1334 1980 1387 Salomon,

125 1392 341 1447 copiisque
383 1398 598 1448 augetur,
639 1393 820 1446 Africae
864 1407 934 1434 res
976 1392 1135 1446 optime
1173 1393 1400 1447 componit.
1458 1394 1668 1444 Suscepto
1709 1391 1757 1433 in
1799 1391 1979 1434 Mauros

126 1450 284 1492 montis
319 1450 500 1491 Aurasii
538 1450 725 1501 incolas,
767 1450 1062 1505 expeditione,
1105 1450 1349 1492 Gontliarin
1374 1450 1643 1505 praemittit.-
1689 1449 1781 1491 eius
1809 1450 1979 1491 cladem

126 1506 369 1549 ulciscitur:
400 1507 626 1550 &rbulem
653 1509 876 1550 castellum
905 1513 1135 1563 oppugnat
1163 1514 1206 1550 et
1234 1507 1364 1563 capit.
1395 1507 1517 1561 (19)
1577 1507 1742 1548 Tumar
1762 1507 1981 1550 obsidetur

130 1579 161 1608 a
198 1565 440 1607 Salomone.
509 1565 654 1608 Huius
689 1566 750 1608 ad
789 1567 1018 1608 exercitum
1058 1566 1218 1611 oratio.
1288 1565 1524 1608 Praestans
1567 1565 1750 1607 Gezonis
1783 1566 1979 1618 facinus.

129 1623 426 1677 &pugnatur
466 1622 656 1674 Turnar,
708 1637 761 1664 ac
799 1624 956 1665 deinde
1001 1622 1248 1666 Geminiani
1298 1636 1440 1677 rupes.
1518 1621 1659 1663 Pulsis
1700 1636 1723 1663 e
1765 1623 1979 1664 Numidia

131 1681 322 1731 Mauris,
357 1680 674 1722 Mauritaniam
705 1681 990 1735 Sitiphensem
1022 1682 1225 1722 Salomon
1255 1681 1514 1736 vectigalem
1535 1680 1667 1734 facit.
1699 1679 1819 1735 (20.)
1907 1681 1982 1722 Iu-

129 1738 345 1780 stinianus
372 1738 531 1792 Cyrum
558 1753 612 1780 ac
640 1740 870 1795 Sergium,
916 1739 1158 1780 Salomonis
1187 1752 1238 1780 ex
1259 1741 1406 1793 fratre
1437 1743 1641 1791 nepotes,
1674 1737 1901 1794 Pentapoli
1930 1752 1983 1780 ac

137 1795 302 1850 Tripoli
335 1796 552 1851 praeficit.
607 1796 678 1839 Ad
720 1797 870 1850 epulas
910 1797 1088 1838 invitati
1129 1810 1158 1837 a
1187 1798 1343 1852 Sergio
1376 1796 1522 1838 Mauri
1553 1795 1830 1847 Leucothoe,
1881 1802 1982 1838 orta

130 1853 256 1900 risa.
297 1852 561 1895 occiduntur.
627 1853 790 1896 Natum
830 1854 930 1895 hinc
973 1855 1130 1896 bellum
1170 1856 1293 1896 vario
1325 1853 1472 1895 Marte
1499 1854 1687 1909 geritur.
1744 1854 1987 1896 Salomonis

131 1910 345 1953 interitus.
373 1910 494 1965 (21.)
553 1911 735 1967 Sergius
768 1912 1008 1954 Salomonis
1042 1925 1257 1954 successor
1284 1911 1470 1954 moribus
1497 1911 1585 1953 suis
1612 1924 1758 1952 omnes
1787 1911 1982 1967 offendit.

133 1968 323 2012 Antalae
363 1968 617 2010 Maurorum
651 1970 859 2024 principis
898 1969 959 2011 ad
996 1969 1285 2011 lastinianum
1326 1969 1521 2023 epistola.
1594 1969 1798 2010 Salomon
1838 1968 1987 2024 Sergii

122 2028 275 2081 stater
302 2038 333 2068 a
366 2026 535 2068 Mauris
563 2034 743 2082 captus,
785 2027 1054 2069 dissimulato
1085 2040 1273 2081 genere,
1313 2027 1543 2068 redimitur
1570 2027 1651 2068 vili
1675 2027 1831 2081 pretio.
1896 2027 1987 2067 Im-

126 2084 320 2140 prudens
348 2084 440 2126 eius
466 2083 644 2126 iactatio
674 2084 981 2127 Laribensibus
1010 2085 1236 2126 damnosa.
1267 2085 1386 2138 (22.)
1458 2084 1682 2127 Himerius
1699 2085 1879 2138 Byzacii
1898 2084 1987 2126 dux

132 2155 229 2183 eum
259 2141 447 2183 exercitu
477 2148 643 2196 captus,
672 2143 844 2185 Mauris
872 2157 1049 2198 operam
1078 2147 1229 2185 navat.
1289 2142 1400 2184 Astu
1428 2148 1603 2196 captum
1631 2142 1688 2183 ab
1718 2142 1805 2185 illis
1837 2142 1985 2185 Adru-

131 2205 294 2242 metum
323 2197 488 2240 Paulus
521 2199 722 2242 sacerdos
752 2207 853 2243 astu
875 2202 1042 2256 recipit.
1119 2200 1360 2242 Calamitas
1403 2201 1594 2251 Africae.
1640 2199 1759 2255 (23.)
1849 2200 1988 2241 Areo-

133 2256 290 2299 biudus
315 2256 372 2298 ab
403 2256 668 2312 Imperatore
696 2259 850 2302 missus
877 2259 924 2301 in
955 2258 1180 2312 Africam,
1220 2258 1527 2314 Magi-sterium
1556 2257 1747 2300 militare
1778 2257 1986 2311 bifariam

134 2314 320 2356 divisum
359 2328 454 2357 eum
494 2316 649 2371 Sergio
685 2317 820 2371 gerit.
898 2317 1081 2358 Ioannes
1118 2315 1338 2358 Sisinnioli
1376 2315 1505 2369 filius
1545 2317 1722 2357 Stozam
1762 2314 1987 2357 rebellium

130 2373 371 2429 principem
407 2372 638 2426 interficit:
672 2386 769 2415 mox
798 2375 889 2429 ipse
917 2375 1186 2428 interficitur.
1233 2371 1349 2428 (24.)
1441 2373 1732 2427 Tyrannidem
1773 2374 1986 2428 affectans

138 2430 396 2478 Gontlaoris,
434 2430 615 2473 Mauros
641 2430 688 2472 in
717 2431 935 2474 Romanos
957 2435 1204 2474 commovet.
1267 2431 1372 2472 Cum
1404 2430 1569 2473 Antala
1597 2431 1709 2472 clam
1737 2431 1985 2485 paciscitur.

136 2486 330 2530 Barbari
358 2486 668 2542 Carthaginem
700 2494 868 2544 petunt.
929 2489 1192 2531 Areobindus
1224 2487 1450 2530 Cutziuam
1479 2488 1561 2530 sibi
1589 2489 1802 2531 conciliat.
1865 2488 1986 2530 Gon-

135 2545 277 2588 tharis
305 2544 548 2588 Areobindo
574 2546 703 2589 struit
730 2547 928 2589 insidias.
968 2546 1087 2601 (25.)
1179 2545 1412 2589 Gonthoris
1449 2546 1636 2588 tumultu
1674 2551 1810 2588 terret
1850 2547 1986 2588 Arco-

138 2602 337 2654 bindum,
375 2607 420 2645 et
448 2602 496 2644 in
524 2602 665 2658 ipsum
694 2605 853 2648 milites
882 2606 1087 2647 concitat.
1148 2604 1389 2660 Pugnatur.
1449 2604 1683 2646 Areobindi
1709 2603 1912 2646 mollities
1942 2608 1986 2646 et

130 2662 267 2717 suga.
325 2659 470 2716 Ipsum
503 2660 740 2705 Gontliaris
768 2676 792 2705 e
822 2662 978 2718 templo
1008 2666 1181 2714 evocat,
1221 2661 1327 2704 data
1344 2660 1441 2716 fide
1462 2675 1543 2718 per
1572 2661 1843 2717 Reparatum
1878 2661 1987 2703 Car-

137 2717 337 2775 thaginis
364 2717 631 2777 Antistitem,
667 2734 721 2762 ac
749 2719 921 2763 demum
949 2726 1091 2763 necat.
1121 2719 1238 2774 (26.)
1297 2721 1482 2763 Antalas
1509 2719 1762 2763 Maurorum
1788 2718 1987 2775 princeps

142 2774 389 2819 Gontliarin
425 2774 599 2820 deserit.
655 2778 860 2820 Eiusdem
900 2778 1077 2820 caedem
1118 2777 1356 2820 meditatur
1383 2777 1628 2821 Artabane·
1657 2778 1842 2834 impulsu
1874 2777 1988 2819 Gre-

137 2833 271 2891 gorii.
332 2832 568 2877 Gontltaris
608 2849 783 2878 uxorem
824 2849 1093 2891 sororemque
1136 2834 1374 2877 Areobindi
1410 2835 1585 2878 honeste
1628 2834 1772 2879 habet.
1833 2834 1899 2877 Ab
1940 2847 1990 2876 eo

139 2892 293 2934 missus
319 2890 367 2934 in
396 2890 576 2934 Mauros
604 2894 871 2945 Artabanes,
901 2907 952 2935 ex
981 2892 1209 2949 composito
1236 2907 1282 2935 se
1310 2893 1527 2936 remissius
1555 2893 1699 2950 gerit,
1728 2899 1770 2937 et
1801 2890 1992 2935 Cartha-

138 2949 291 3006 ginem
316 2948 446 2992 redit.
485 2949 608 3006 (27.)
706 2951 872 2994 Caedes
902 2950 1185 2993 Gontharidis
1212 2956 1414 2993 accurate
1443 2951 1711 2994 describitur.
1774 2950 1879 2993 Eius
1907 2964 1990 2991 au-

141 3013 236 3058 ctor
262 3006 508 3050 Artabanes
536 3008 592 3050 ab
622 3007 886 3065 Imperatore
920 3009 1136 3065 Magister
1165 3009 1348 3052 militum
1378 3014 1568 3053 creatur.
1628 3009 1734 3052 Post
1772 3008 1910 3063 ipsum
1940 3021 1990 3048 eo

142 3077 319 3109 munere
337 3064 550 3120 raugam
578 3066 763 3109 Ioannes
791 3066 933 3123 Puppi
958 3069 1123 3119 frater.
1185 3066 1262 3109 Bis
1290 3066 1467 3111 Mauros
1495 3066 1652 3122 vincit,
1694 3066 1826 3111 semel
1853 3064 1990 3108 vinci-

144 3125 232 3166 tur.
286 3119 377 3167 Res
402 3121 580 3168 tandm
607 3125 780 3183 quietae
808 3126 856 3169 in
883 3124 1051 3181 Africa·
1109 3122 1230 3181 (28.)
