2098 3874
214 206 249 241 x
873 191 970 245 CL.
1014 189 1361 244 MALTRETI

214 340 322 388 Tibi
356 356 498 387 suum
536 339 749 399 dicaret,
786 339 975 387 illectus
1012 342 1151 406 copia
1188 359 1247 389 ac
1283 341 1546 407 splendore
1580 339 1842 402 materiae,
1878 357 2023 404 quam

214 424 512 488 suppeditas,
584 424 796 471 Collecta
833 423 886 470 in
927 440 1081 472 unum
1116 427 1293 476 decora
1327 427 1552 489 intuens,
1610 441 1732 490 quae
1767 424 1821 470 in
1857 425 2025 472 claris-

214 507 349 554 simis
402 507 510 555 aevi
546 507 621 555 sui
662 507 1023 570 magistratibus
1057 510 1311 575 laudavit,
1371 527 1482 559 eum
1529 527 1631 559 esse
1665 510 1734 556 Te
1769 509 2021 570 fateretur,

212 592 298 655 qui
332 607 424 639 nec
461 590 751 654 Symmacho
790 590 1061 641 Christiana
1096 594 1443 656 beneficentia,
1495 611 1588 642 nec
1624 592 1794 642 Boetio
1833 591 2025 639 erudita

206 675 386 740 pietate
419 674 652 736 inferior,
710 675 937 724 Proclum
973 677 1276 742 integritate,
1312 678 1574 744 prudentia
1610 677 1851 736 Phocam,
1899 675 2027 723 leni-

207 769 307 809 tate
357 758 505 806 animi
551 758 815 806 Basilidem
865 777 1084 826 superes,
1158 763 1319 810 Erunt
1363 763 1493 811 forte
1546 762 1631 826 qui
1674 759 2024 807 Tribonianum

208 844 479 892 Oraculum
513 843 610 891 fori
638 842 922 893 nominent:
961 846 1003 893 si
1037 853 1203 894 tamen
1232 847 1323 894 hos
1358 845 1511 894 libros
1544 846 1790 908 legerent,
1823 843 1951 891 nihil
1973 843 2028 890 in

207 946 263 976 eo
302 928 455 976 fuisse
491 926 688 988 dicent,
745 927 882 991 quod
920 927 1168 994 suspicere
1216 928 1422 990 debeas,
1479 937 1563 978 aut
1597 928 1820 979 invidere
1853 927 2026 992 possis.

205 1014 354 1060 immo
393 1029 511 1061 vero
548 1011 801 1074 requirent
834 1012 1019 1074 multa,
1059 1029 1182 1076 quae
1219 1014 1410 1078 egregio
1445 1014 1645 1063 virtutis
1682 1030 1739 1060 ac
1775 1012 2029 1060 doctrinae

211 1114 326 1144 cum
362 1103 537 1144 natura
575 1113 818 1145 consensu
864 1096 918 1143 in
962 1097 1031 1144 Te
1066 1096 1229 1162 posita
1265 1106 1409 1162 sunt3
1463 1105 1514 1146 et
1548 1104 1850 1147 senectutem
1889 1104 2029 1144 tuam

212 1181 492 1230 incredibili
527 1180 700 1244 vigore
737 1180 961 1246 corporis
997 1179 1271 1245 animique,
1332 1180 1569 1247 singulari
1611 1182 1742 1248 apud
1778 1181 2030 1246 Principes

212 1267 394 1332 gratia,
453 1275 503 1315 et
549 1265 844 1330 amplissima
879 1265 932 1312 in
983 1265 1210 1313 subditos
1249 1266 1547 1315 authoritate
1588 1266 1918 1315 beatissimam
1950 1266 2029 1314 fa-

214 1351 366 1400 ciunt.
434 1351 528 1400 Ille
578 1354 694 1402 satis
728 1352 904 1400 habuit
937 1351 1020 1400 Ius
1066 1350 1307 1400 scriberet
1365 1352 1445 1400 Tu
1479 1359 1529 1400 et
1563 1351 1765 1400 scientia
1802 1367 2031 1416 compre·-

211 1435 421 1483 hensum
452 1443 614 1500 tenes,
670 1444 717 1485 et
748 1436 968 1485 moribus
1007 1436 1270 1501 exprimis,
1331 1436 1555 1484 facienda
1588 1436 1732 1484 factis
1780 1453 2031 1484 common-

211 1529 384 1570 strans.
466 1522 538 1570 De
574 1520 813 1570 tribunali
847 1520 1165 1585 pronuntias,
1226 1520 1639 1583 quemadmodum
1675 1520 1831 1569 aiebat
1864 1520 2030 1569 Philo-

211 1603 426 1671 sophus,
477 1622 595 1657 cum
625 1605 774 1654 vulta
809 1613 854 1650 et
891 1605 1060 1651 animo
1096 1604 1280 1669 Legis,
1328 1620 1456 1668 quae
1491 1607 1596 1652 sine
1629 1605 1735 1653 ullo
1773 1607 2031 1668 impotenti

210 1699 350 1736 mota
388 1706 604 1754 aequam
653 1689 836 1736 bonum
873 1689 1150 1738 constituit.
1233 1687 1301 1734 Ut
1336 1705 1452 1737 vero
1488 1689 1592 1737 Lex
1638 1707 1666 1738 a
1701 1690 1865 1738 Tullio
1902 1689 2030 1738 dici-

206 1781 293 1821 tur
325 1775 507 1821 „Mutus
546 1771 902 1839 ,lifagi-stratas
915 1792 931 1834 ,-
994 1773 1062 1820 sic
1107 1773 1208 1834 Tu,
1255 1769 1628 1822 hnusmmssmn
1669 1774 2029 1836 CANcmmanm,

205 1876 307 1907 non
343 1858 591 1906 immerito
642 1858 884 1923 appellari
920 1865 1060 1923 potes
1094 1858 1201 1904 Lex
1238 1857 1459 1921 loquens,
1552 1856 1686 1916 Quid
1722 1858 1929 1921 mirum,
1988 1856 2031 1906 si

205 1959 379 1992 vocem
415 1950 553 1991 tuam
587 1943 817 1991 Maiestas
853 1941 1000 2007 Regia
1036 1940 1234 1990 suffecit
1270 1941 1422 1989 suae?
1460 1958 1571 1990 cum
1605 1944 1759 2008 probe
1798 1944 1945 1992 sciret
1980 1960 2031 1992 se

206 2028 347 2076 nullo
397 2044 484 2075 ore
531 2026 718 2076 vicario
756 2027 931 2074 melius
981 2025 1076 2074 sari
1111 2042 1259 2092 quam
1302 2033 1388 2074 tua
1433 2043 1592 2092 posse.
1664 2029 1776 2076 Non
1831 2037 1906 2078 est
1943 2046 2031 2077 cur

207 2115 496 2162 Lunovmus
534 2111 837 2160 Annona-rus
888 2111 956 2159 Te
1003 2111 1091 2158 illo
1133 2111 1314 2160 excitet
1359 2110 1549 2177 monito
1586 2111 1827 2160 Theodati
1861 2113 2031 2162 Italiae

207 2199 377 2263 Regis:
439 2195 712 2246 Considera
749 2198 804 2243 in
850 2195 1009 2244 verbis
1043 2198 1146 2243 tuis
1183 2193 1382 2243 laudem
1409 2197 1636 2260 positam
1671 2198 2028 2265 Principalem.

208 2286 373 2332 Fama
408 2292 582 2331 nostra
618 2289 690 2329 est
725 2278 861 2346 quod
906 2281 1153 2345 loqueris.-
1213 2281 1518 2332 conscientia
1558 2283 1665 2328 sine
1714 2279 2030 2329 dubitatione

211 2368 350 2435 qaod
383 2370 551 2415 sentis.
649 2365 787 2414 Adeo
823 2382 924 2412 non
962 2364 1227 2429 quidquam
1273 2353 1496 2429 profers,
1562 2365 1703 2414 cuius
1747 2366 1912 2431 ipsum
1946 2368 2030 2416 vel

209 2454 395 2520 pudere
431 2451 616 2518 possit,
669 2450 751 2498 vel
784 2448 1064 2515 poenitere3
1113 2456 1168 2496 ut
1203 2465 1295 2514 per
1329 2448 1397 2496 Te
1431 2449 1634 2498 obtento
1670 2450 1914 2499 bonorum
1950 2468 2029 2498 as-

209 2555 377 2600 sensu,
413 2553 512 2601 quo
549 2534 678 2583 nihil
706 2541 786 2587 ‘est
819 2532 1107 2597 gloriosius,
1154 2532 1302 2594 fidele
1337 2533 1516 2583 mentis
1551 2534 1766 2600 optimae
1798 2536 2029 2584 testimo-

207 2623 376 2684 nium,
426 2637 524 2686 quo
561 2618 688 2666 nihil
726 2618 945 2681 dulcius,
990 2617 1322 2667 confirmetur.
1391 2622 1449 2664 In
1485 2619 1751 2668 sacrarium
1786 2619 2042 2685 admissus>

210 2705 406 2770 augusti
442 2702 683 2770 pectoriS,
722 2711 904 2768 quanta
942 2720 1054 2750 cum
1092 2702 1330 2766 dignitate
1364 2701 1417 2750 id
1450 2718 1666 2767 reseras,
1704 2711 1751 2752 et
1786 2705 2028 2770 splendo-

207 2808 314 2839 rem
351 2789 552 2837 exhibes
580 2787 829 2851 Numinis,
869 2805 966 2853 quo
1003 2788 1207 2853 plenum
1243 2787 1341 2835 est!
1411 2785 1541 2855 Hinc
1577 2787 1677 2860 illa=
1708 2805 1818 2852 erga
1847 2789 2026 2852 Regem

209 2875 480 2922 maximum
529 2873 859 2932 venerationis
905 2872 968 2921 ad
1016 2889 1227 2922 amorem
1275 2871 1510 2934 accessio,
1565 2880 1614 2921 et
1663 2873 2025 2921 incrementum

205 2958 449 3022 obsequii:
490 2958 630 3006 cuius
669 2975 816 3006 causa
851 2959 906 3006 in
943 2965 1217 3006 extremum
1251 2957 1426 3007 venisti
1462 2957 1749 3018 discrimem
1793 2975 1905 3006 cum
1942 2976 2024 3006 sa-

206 3044 416 3107 crilegus
462 3042 792 3108 perduellium
837 3043 978 3091 furor
1025 3043 1080 3089 in
1124 3041 1354 3108 rhedam,
1420 3058 1514 3109 qua
1557 3041 1838 3103 vehebaris,
1891 3043 2022 3091 facto

203 3129 421 3193 impetu,
470 3135 637 3175 tecum
672 3128 872 3189 Fidem,
919 3127 1282 3187 Constantiam,
1324 3125 1630 3190 Aequitatem
1666 3127 1872 3192 perdere
1906 3135 2023 3175 ten-

205 3212 346 3262 tavit.
416 3212 518 3260 Nec
546 3211 719 3259 dubito
758 3211 878 3274 quin
916 3211 1138 3259 coelestis
1162 3229 1332 3260 manus
1369 3211 1534 3275 aliqua
1568 3210 1877 3260 hebetaverit
1912 3228 2022 3259 cru-

206 3297 316 3345 dele
351 3297 564 3358 ferrum,
600 3294 981 3359 lethiferumque
1015 3296 1177 3358 ignem
1214 3295 1511 3359 extinxerit,
1556 3312 1621 3344 ne
1655 3294 1844 3359 Religio
1873 3311 2018 3360 prae-

206 3379 386 3428 sidium
427 3380 696 3440 amitteret3
736 3387 784 3427 et
817 3380 920 3427 Pax
962 3380 1147 3440 civilis,
1187 3382 1324 3429 cuius
1359 3379 1508 3428 exilio
1544 3395 1681 3428 sacra
1718 3379 1882 3428 omnia
1916 3387 2019 3428 tur-

206 3465 312 3514 bari
349 3465 519 3528 solent,
555 3463 773 3514 reditum
810 3463 1101 3530 desperaret,
1146 3473 1398 3532 sequestro
1434 3465 1603 3515 orbata
1639 3465 2017 3532 sapientissimo.
