<?xml version="1.0" encoding="UTF-8"?>
<!DOCTYPE html PUBLIC "-//W3C//DTD XHTML 1.0 Transitional//EN"
    "http://www.w3.org/TR/xhtml1/DTD/xhtml1-transitional.dtd">
<html xmlns="http://www.w3.org/1999/xhtml" xml:lang="en" lang="en">
 <head>
  <title>
</title>
<meta http-equiv="Content-Type" content="text/html;charset=utf-8" />
  <meta name='ocr-system' content='tesseract 3.04.00' />
  <meta name='ocr-capabilities' content='ocr_page ocr_carea ocr_par ocr_line ocrx_word'/>
</head>
<body>
  <div class='ocr_page' id='page_1' title='image "./corpusscriptorum43niebuoft/corpusscriptorum43niebuoft_0240.png"; bbox 0 0 2254 3814; ppageno 0'>
   <div class='ocr_carea' id='block_1_1' title="bbox 347 169 1420 231">
    <p class='ocr_par' dir='ltr' id='par_1_1' title="bbox 347 169 1420 231">
     <span class='ocr_line' id='line_1_1' title="bbox 347 169 1420 231; baseline -0.005 -2"><span class='ocrx_word' id='word_1_1' title='bbox 347 173 469 231; x_wconf 81' lang='lat'><strong>218</strong></span> <span class='ocrx_word' id='word_1_2' title='bbox 1088 169 1420 225; x_wconf 89' lang='lat' dir='ltr'>PROCOPII</span> 
     </span>
    </p>
   </div>
   <div class='ocr_carea' id='block_1_2' title="bbox 151 305 2254 2164">
    <p class='ocr_par' dir='ltr' id='par_1_2' title="bbox 278 305 2198 1064">
     <span class='ocr_line' id='line_1_2' title="bbox 278 305 2159 384; baseline -0.001 -16"><span class='ocrx_word' id='word_1_3' title='bbox 278 326 316 368; x_wconf 90' lang='lat' dir='ltr'>B</span> <span class='ocrx_word' id='word_1_4' title='bbox 346 310 700 383; x_wconf 79' lang='grc' dir='ltr'><em>ἄναβεβηκότα</em></span> <span class='ocrx_word' id='word_1_5' title='bbox 740 309 857 364; x_wconf 75' lang='grc' dir='ltr'><em>κατ’</em></span> <span class='ocrx_word' id='word_1_6' title='bbox 898 309 1019 363; x_wconf 75' lang='grc' dir='ltr'><em>ἄλλο</em></span> <span class='ocrx_word' id='word_1_7' title='bbox 1063 311 1209 364; x_wconf 74' lang='grc' dir='ltr'><em>οὐδὲν</em></span> <span class='ocrx_word' id='word_1_8' title='bbox 1242 310 1274 378; x_wconf 72' lang='grc' dir='ltr'>ἢ</span> <span class='ocrx_word' id='word_1_9' title='bbox 1304 309 1380 364; x_wconf 82' lang='grc' dir='ltr'><strong>ὅτι</strong></span> <span class='ocrx_word' id='word_1_10' title='bbox 1405 305 1752 382; x_wconf 84' lang='grc' dir='ltr'><em>πονηρότατός</em></span> <span class='ocrx_word' id='word_1_11' title='bbox 1775 333 1827 364; x_wconf 87' lang='grc' dir='ltr'><strong>τε</strong></span> <span class='ocrx_word' id='word_1_12' title='bbox 1856 305 1918 379; x_wconf 77' lang='grc' dir='ltr'><strong>ἦν</strong></span> <span class='ocrx_word' id='word_1_13' title='bbox 1949 312 2159 384; x_wconf 80' lang='grc' dir='ltr'><em>ἀνθρώ-</em></span> 
     </span>
     <span class='ocr_line' id='line_1_3' title="bbox 342 393 2155 469; baseline 0 -17"><span class='ocrx_word' id='word_1_14' title='bbox 342 422 451 453; x_wconf 85' lang='grc' dir='ltr'><strong>πων</strong></span> <span class='ocrx_word' id='word_1_15' title='bbox 484 397 720 451; x_wconf 77' lang='grc' dir='ltr'><em>ἁπάντων</em></span> <span class='ocrx_word' id='word_1_16' title='bbox 749 397 831 447; x_wconf 84' lang='grc' dir='ltr'><strong>καὶ</strong></span> <span class='ocrx_word' id='word_1_17' title='bbox 856 393 1045 464; x_wconf 79' lang='grc' dir='ltr'><strong><em>πόρους</em></strong></span> <span class='ocrx_word' id='word_1_18' title='bbox 1064 394 1346 465; x_wconf 81' lang='grc' dir='ltr'><em>χρημάτων</em></span> <span class='ocrx_word' id='word_1_19' title='bbox 1376 396 1563 450; x_wconf 81' lang='grc' dir='ltr'><em>ἀδίκων</em></span> <span class='ocrx_word' id='word_1_20' title='bbox 1596 394 1903 458; x_wconf 81' lang='grc' dir='ltr'><em>ἱκανώτατος</em></span> <span class='ocrx_word' id='word_1_21' title='bbox 1931 398 2155 469; x_wconf 75' lang='grc' dir='ltr'><strong><em>ἐξευρεῖν.</em></strong></span> 
     </span>
     <span class='ocr_line' id='line_1_4' title="bbox 338 479 2157 552; baseline -0.001 -15"><span class='ocrx_word' id='word_1_22' title='bbox 338 484 395 546; x_wconf 79' lang='grc' dir='ltr'><em>ὃς</em></span> <span class='ocrx_word' id='word_1_23' title='bbox 422 484 484 552; x_wconf 80' lang='grc' dir='ltr'><strong>δὴ</strong></span> <span class='ocrx_word' id='word_1_24' title='bbox 522 482 723 535; x_wconf 83' lang='grc' dir='ltr'><em>ἅπαντα</em></span> <span class='ocrx_word' id='word_1_25' title='bbox 748 479 937 550; x_wconf 65' lang='grc' dir='ltr'><em>ἔσφηλε</em></span> <span class='ocrx_word' id='word_1_26' title='bbox 959 501 1012 532; x_wconf 90' lang='grc' dir='ltr'><strong>τε</strong></span> <span class='ocrx_word' id='word_1_27' title='bbox 1048 484 1130 533; x_wconf 86' lang='grc' dir='ltr'><strong>καὶ</strong></span> <span class='ocrx_word' id='word_1_28' title='bbox 1156 479 1455 551; x_wconf 79' lang='grc' dir='ltr'><em>συνετάραξε</em></span> <span class='ocrx_word' id='word_1_29' title='bbox 1479 482 1544 534; x_wconf 82' lang='grc' dir='ltr'><em>τὰ</em></span> <span class='ocrx_word' id='word_1_30' title='bbox 1566 479 1825 549; x_wconf 89' lang='grc' dir='ltr'><em>Ῥωμαίων</em></span> <span class='ocrx_word' id='word_1_31' title='bbox 1848 503 1901 534; x_wconf 89' lang='grc' dir='ltr'><strong>τε</strong></span> <span class='ocrx_word' id='word_1_32' title='bbox 1923 485 2005 534; x_wconf 80' lang='grc' dir='ltr'><strong>καὶ</strong></span> <span class='ocrx_word' id='word_1_33' title='bbox 2029 488 2157 536; x_wconf 89' lang='grc' dir='ltr'><strong>Λα-</strong></span> 
     </span>
     <span class='ocr_line' id='line_1_5' title="bbox 339 557 2158 635; baseline 0.001 -15"><span class='ocrx_word' id='word_1_34' title='bbox 339 573 435 632; x_wconf 81' lang='grc' dir='ltr'><strong>ζῶν</strong></span> <span class='ocrx_word' id='word_1_35' title='bbox 468 564 757 635; x_wconf 72' lang='grc' dir='ltr'><em>πράγματα.</em></span> <span class='ocrx_word' id='word_1_36' title='bbox 846 557 995 626; x_wconf 69' lang='grc' dir='ltr'><em>οὗτος</em></span> <span class='ocrx_word' id='word_1_37' title='bbox 1022 567 1104 618; x_wconf 80' lang='grc' dir='ltr'><strong>καὶ</strong></span> <span class='ocrx_word' id='word_1_38' title='bbox 1125 567 1336 631; x_wconf 73' lang='grc' dir='ltr'><em>βασιλέα</em></span> <span class='ocrx_word' id='word_1_39' title='bbox 1360 567 1714 620; x_wconf 82' lang='grc' dir='ltr'><em>Ἰουστινιανόν</em></span> <span class='ocrx_word' id='word_1_40' title='bbox 1739 564 1884 619; x_wconf 88' lang='grc' dir='ltr'><em>πόλιν</em></span> <span class='ocrx_word' id='word_1_41' title='bbox 1906 566 2158 621; x_wconf 78' lang='grc' dir='ltr'>ἀνέπεισεν</span> 
     </span>
     <span class='ocr_line' id='line_1_6' title="bbox 338 649 2198 718; baseline 0.001 -13"><span class='ocrx_word' id='word_1_42' title='bbox 338 654 744 715; x_wconf 83' lang='grc' dir='ltr'><em>ἐπιθαλασσίαν,</em></span> <span class='ocrx_word' id='word_1_43' title='bbox 790 649 999 717; x_wconf 73' lang='grc' dir='ltr'><em>Πέτραν</em></span> <span class='ocrx_word' id='word_1_44' title='bbox 1028 649 1216 717; x_wconf 70' lang='grc' dir='ltr'><em>ὄνομα,</em></span> <span class='ocrx_word' id='word_1_45' title='bbox 1270 651 1320 704; x_wconf 79' lang='grc' dir='ltr'><strong>ἐν</strong></span> <span class='ocrx_word' id='word_1_46' title='bbox 1346 654 1546 716; x_wconf 81' lang='grc' dir='ltr'><em>Λαζοΐς</em></span> <span class='ocrx_word' id='word_1_47' title='bbox 1574 653 1880 718; x_wconf 72' lang='grc' dir='ltr'><em>δείμασθαι·</em></span> <span class='ocrx_word' id='word_1_48' title='bbox 1927 651 2198 708; x_wconf 74' lang='grc' dir='ltr'><em>ἐνταῦθάό</em></span> 
     </span>
     <span class='ocr_line' id='line_1_7' title="bbox 336 731 2157 806; baseline 0 -16"><span class='ocrx_word' id='word_1_49' title='bbox 336 758 391 790; x_wconf 89' lang='grc' dir='ltr'><strong>τε</strong></span> <span class='ocrx_word' id='word_1_50' title='bbox 429 734 595 806; x_wconf 81' lang='grc' dir='ltr'><em>ὥσπερ</em></span> <span class='ocrx_word' id='word_1_51' title='bbox 635 737 687 787; x_wconf 88' lang='grc' dir='ltr'><strong>ἐν</strong></span> <span class='ocrx_word' id='word_1_52' title='bbox 734 732 1003 803; x_wconf 80' lang='grc' dir='ltr'><em>ἀκροπόλει</em></span> <span class='ocrx_word' id='word_1_53' title='bbox 1039 733 1332 803; x_wconf 80' lang='grc' dir='ltr'><em>καθήμενος</em></span> <span class='ocrx_word' id='word_1_54' title='bbox 1370 731 1461 806; x_wconf 67' lang='grc' dir='ltr'><strong>ἦγέ</strong></span> <span class='ocrx_word' id='word_1_55' title='bbox 1491 757 1545 788; x_wconf 86' lang='grc' dir='ltr'><strong>τε</strong></span> <span class='ocrx_word' id='word_1_56' title='bbox 1574 738 1667 788; x_wconf 83' lang='grc' dir='ltr'><em>,καὶ</em></span> <span class='ocrx_word' id='word_1_57' title='bbox 1702 735 1844 806; x_wconf 66' lang='grc' dir='ltr'><em>ἔφερε</em></span> <span class='ocrx_word' id='word_1_58' title='bbox 1872 735 1937 789; x_wconf 78' lang='grc' dir='ltr'><em>τὰ</em></span> <span class='ocrx_word' id='word_1_59' title='bbox 1962 738 2157 802; x_wconf 82' lang='grc' dir='ltr'><em>Λαζῶν</em></span> 
     </span>
     <span class='ocr_line' id='line_1_8' title="bbox 339 817 2160 891; baseline 0.001 -18"><span class='ocrx_word' id='word_1_60' title='bbox 339 818 631 891; x_wconf 74' lang='grc' dir='ltr'><em>πράγματα.</em></span> <span class='ocrx_word' id='word_1_61' title='bbox 678 817 800 881; x_wconf 75' lang='grc' dir='ltr'><em>τούς</em></span> <span class='ocrx_word' id='word_1_62' title='bbox 826 841 879 872; x_wconf 86' lang='grc' dir='ltr'><strong>τε</strong></span> <span class='ocrx_word' id='word_1_63' title='bbox 903 820 999 889; x_wconf 78' lang='grc' dir='ltr'><em>γὰρ</em></span> <span class='ocrx_word' id='word_1_64' title='bbox 1026 819 1155 882; x_wconf 80' lang='grc' dir='ltr'><em>ἅλας</em></span> <span class='ocrx_word' id='word_1_65' title='bbox 1176 823 1260 873; x_wconf 82' lang='grc' dir='ltr'><strong>καὶ</strong></span> <span class='ocrx_word' id='word_1_66' title='bbox 1283 820 1379 874; x_wconf 82' lang='grc' dir='ltr'><strong>ὅσα</strong></span> <span class='ocrx_word' id='word_1_67' title='bbox 1406 821 1537 874; x_wconf 75' lang='grc' dir='ltr'><em>ἄλλα</em></span> <span class='ocrx_word' id='word_1_68' title='bbox 1566 822 1752 891; x_wconf 81' lang='grc' dir='ltr'><em>φορτία</em></span> <span class='ocrx_word' id='word_1_69' title='bbox 1777 823 1977 885; x_wconf 85' lang='grc' dir='ltr'><em>Λαζοῒς</em></span> <span class='ocrx_word' id='word_1_70' title='bbox 2004 821 2160 890; x_wconf 76' lang='grc' dir='ltr'><em>ἀναγ-</em></span> 
     </span>
     <span class='ocr_line' id='line_1_9' title="bbox 342 903 2160 976; baseline 0 -18"><span class='ocrx_word' id='word_1_71' title='bbox 342 913 462 959; x_wconf 81' lang='grc' dir='ltr'><em>καῖα</em></span> <span class='ocrx_word' id='word_1_72' title='bbox 485 904 640 959; x_wconf 72' lang='grc' dir='ltr'><em>ἐδόκει</em></span> <span class='ocrx_word' id='word_1_73' title='bbox 668 903 790 958; x_wconf 71' lang='grc' dir='ltr'><em>εἶναι</em></span> <span class='ocrx_word' id='word_1_74' title='bbox 806 946 820 970; x_wconf 93' lang='grc'><em>,</em></span> <span class='ocrx_word' id='word_1_75' title='bbox 861 905 1024 958; x_wconf 69' lang='grc' dir='ltr'><em>οὐκέτι</em></span> <span class='ocrx_word' id='word_1_76' title='bbox 1044 906 1210 976; x_wconf 71' lang='grc' dir='ltr'><em>φέρειν</em></span> <span class='ocrx_word' id='word_1_77' title='bbox 1234 907 1285 968; x_wconf 85' lang='grc' dir='ltr'><em>ἐς</em></span> <span class='ocrx_word' id='word_1_78' title='bbox 1309 913 1402 975; x_wconf 80' lang='grc' dir='ltr'><strong>γῆν</strong></span> <span class='ocrx_word' id='word_1_79' title='bbox 1422 907 1514 973; x_wconf 81' lang='grc' dir='ltr'><strong>τὴν</strong></span> <span class='ocrx_word' id='word_1_80' title='bbox 1540 907 1770 973; x_wconf 79' lang='grc' dir='ltr'><em>Κολχίδα</em></span> <span class='ocrx_word' id='word_1_81' title='bbox 1792 915 1898 967; x_wconf 81' lang='grc' dir='ltr'><em>τοῖς</em></span> <span class='ocrx_word' id='word_1_82' title='bbox 1920 903 2160 976; x_wconf 91' lang='grc' dir='ltr'><em>ἐμπόροις</em></span> 
     </span>
     <span class='ocr_line' id='line_1_10' title="bbox 340 989 2156 1064; baseline 0.001 -21"><span class='ocrx_word' id='word_1_83' title='bbox 340 992 453 1058; x_wconf 75' lang='grc' dir='ltr'><em>ἐξῆν</em></span> <span class='ocrx_word' id='word_1_84' title='bbox 466 1033 482 1057; x_wconf 96' lang='grc'><em>,</em></span> <span class='ocrx_word' id='word_1_85' title='bbox 532 989 560 1058; x_wconf 74' lang='grc' dir='ltr'>ἢ</span> <span class='ocrx_word' id='word_1_86' title='bbox 585 990 707 1042; x_wconf 72' lang='grc' dir='ltr'><em>ἄλλο</em></span> <span class='ocrx_word' id='word_1_87' title='bbox 735 990 936 1043; x_wconf 78' lang='grc' dir='ltr'><em>ἐνθένδε</em></span> <span class='ocrx_word' id='word_1_88' title='bbox 962 989 1229 1056; x_wconf 85' lang='grc' dir='ltr'><em>ὠνεῖσθαι,</em></span> <span class='ocrx_word' id='word_1_89' title='bbox 1265 991 1383 1044; x_wconf 77' lang='grc' dir='ltr'><em>ἀλλ’</em></span> <span class='ocrx_word' id='word_1_90' title='bbox 1414 993 1465 1044; x_wconf 86' lang='grc' dir='ltr'><strong>ἐν</strong></span> <span class='ocrx_word' id='word_1_91' title='bbox 1489 991 1667 1064; x_wconf 70' lang='grc' dir='ltr'><em>Πέτρα</em></span> <span class='ocrx_word' id='word_1_92' title='bbox 1697 989 2070 1059; x_wconf 79' lang='grc' dir='ltr'><em>ξυστησάμενος</em></span> <span class='ocrx_word' id='word_1_93' title='bbox 2096 991 2156 1044; x_wconf 86' lang='grc' dir='ltr'><em>τὸ</em></span> 
     </span>
    </p>

    <p class='ocr_par' dir='ltr' id='par_1_3' title="bbox 274 1073 2226 1144">
     <span class='ocr_line' id='line_1_11' title="bbox 274 1073 2226 1144; baseline 0 -15"><span class='ocrx_word' id='word_1_94' title='bbox 274 1089 312 1129; x_wconf 89' lang='lat' dir='ltr'>C</span> <span class='ocrx_word' id='word_1_95' title='bbox 343 1076 405 1143; x_wconf 74' lang='grc' dir='ltr'><strong>δὴ</strong></span> <span class='ocrx_word' id='word_1_96' title='bbox 444 1073 752 1142; x_wconf 75' lang='grc' dir='ltr'><em>καλούμενον</em></span> <span class='ocrx_word' id='word_1_97' title='bbox 790 1073 1108 1142; x_wconf 81' lang='grc' dir='ltr'><strong>μονοπώλιον</strong></span> <span class='ocrx_word' id='word_1_98' title='bbox 1147 1076 1301 1138; x_wconf 82' lang='grc' dir='ltr'><em>αὐτὸς</em></span> <span class='ocrx_word' id='word_1_99' title='bbox 1335 1074 1558 1144; x_wconf 80' lang='grc' dir='ltr'><em>κάπηλός</em></span> <span class='ocrx_word' id='word_1_100' title='bbox 1581 1097 1633 1128; x_wconf 89' lang='grc' dir='ltr'><strong>τε</strong></span> <span class='ocrx_word' id='word_1_101' title='bbox 1658 1078 1741 1128; x_wconf 85' lang='grc' dir='ltr'><strong>καὶ</strong></span> <span class='ocrx_word' id='word_1_102' title='bbox 1769 1073 2034 1143; x_wconf 77' lang='grc' dir='ltr'><em>ξυμπάσης</em></span> <span class='ocrx_word' id='word_1_103' title='bbox 2067 1081 2158 1142; x_wconf 79' lang='grc' dir='ltr'><strong>τῆς</strong></span> <span class='ocrx_word' id='word_1_104' title='bbox 2171 1087 2226 1129; x_wconf 91' lang='grc'><strong>10</strong></span> 
     </span>
    </p>

    <p class='ocr_par' dir='ltr' id='par_1_4' title="bbox 189 1157 2242 1910">
     <span class='ocr_line' id='line_1_12' title="bbox 189 1157 2156 1230; baseline -0.002 -14"><span class='ocrx_word' id='word_1_105' title='bbox 189 1173 234 1216; x_wconf 88' lang='grc' dir='ltr'><strong>Η</strong></span> <span class='ocrx_word' id='word_1_106' title='bbox 260 1175 316 1219; x_wconf 86' lang='grc'><strong>69</strong></span> <span class='ocrx_word' id='word_1_107' title='bbox 347 1163 458 1230; x_wconf 80' lang='grc' dir='ltr'><em>περὶ</em></span> <span class='ocrx_word' id='word_1_108' title='bbox 492 1166 657 1213; x_wconf 78' lang='grc' dir='ltr'><em>ταῦτα</em></span> <span class='ocrx_word' id='word_1_109' title='bbox 690 1161 926 1229; x_wconf 73' lang='grc' dir='ltr'><em>ἐργασίας</em></span> <span class='ocrx_word' id='word_1_110' title='bbox 964 1158 1232 1229; x_wconf 72' lang='grc' dir='ltr'><em>ἐπιστάτης</em></span> <span class='ocrx_word' id='word_1_111' title='bbox 1267 1162 1508 1229; x_wconf 76' lang='grc' dir='ltr'><em>ἐγίγνετο,</em></span> <span class='ocrx_word' id='word_1_112' title='bbox 1549 1159 1749 1213; x_wconf 83' lang='grc' dir='ltr'><em>ἅπαντα</em></span> <span class='ocrx_word' id='word_1_113' title='bbox 1789 1157 2069 1227; x_wconf 78' lang='grc' dir='ltr'><em>ὠνούμενός</em></span> <span class='ocrx_word' id='word_1_114' title='bbox 2103 1181 2156 1213; x_wconf 85' lang='grc' dir='ltr'><strong>τε</strong></span> 
     </span>
     <span class='ocr_line' id='line_1_13' title="bbox 338 1237 2154 1315; baseline 0.001 -17"><span class='ocrx_word' id='word_1_115' title='bbox 338 1249 422 1298; x_wconf 84' lang='grc' dir='ltr'><strong>καὶ</strong></span> <span class='ocrx_word' id='word_1_116' title='bbox 463 1243 827 1311; x_wconf 77' lang='grc' dir='ltr'><em>ἀποδιδόμενος</em></span> <span class='ocrx_word' id='word_1_117' title='bbox 868 1242 1117 1311; x_wconf 78' lang='grc' dir='ltr'><em>Κόλχοις,</em></span> <span class='ocrx_word' id='word_1_118' title='bbox 1165 1245 1258 1313; x_wconf 76' lang='grc' dir='ltr'><strong>οὐχ</strong></span> <span class='ocrx_word' id='word_1_119' title='bbox 1296 1238 1422 1315; x_wconf 76' lang='grc' dir='ltr'><em>ᾗπερ</em></span> <span class='ocrx_word' id='word_1_120' title='bbox 1454 1245 1680 1309; x_wconf 73' lang='grc' dir='ltr'><em>εἴθιστο,</em></span> <span class='ocrx_word' id='word_1_121' title='bbox 1728 1244 1843 1297; x_wconf 79' lang='grc' dir='ltr'><em>ἀλλ’</em></span> <span class='ocrx_word' id='word_1_122' title='bbox 1869 1237 1996 1315; x_wconf 72' lang='grc' dir='ltr'><em>ᾗπερ</em></span> <span class='ocrx_word' id='word_1_123' title='bbox 2023 1246 2154 1311; x_wconf 72' lang='grc' dir='ltr'><em>ἐξῆν.</em></span> 
     </span>
     <span class='ocr_line' id='line_1_14' title="bbox 336 1326 2155 1399; baseline 0 -17"><span class='ocrx_word' id='word_1_124' title='bbox 336 1330 445 1397; x_wconf 78' lang='grc' dir='ltr'><strong>ἅμα</strong></span> <span class='ocrx_word' id='word_1_125' title='bbox 484 1332 539 1383; x_wconf 76' lang='grc' dir='ltr'><strong>δὲ</strong></span> <span class='ocrx_word' id='word_1_126' title='bbox 575 1332 658 1382; x_wconf 86' lang='grc' dir='ltr'><strong>καὶ</strong></span> <span class='ocrx_word' id='word_1_127' title='bbox 692 1329 857 1388; x_wconf 80' lang='grc' dir='ltr'><em>ἄλλως</em></span> <span class='ocrx_word' id='word_1_128' title='bbox 896 1329 943 1381; x_wconf 81' lang='grc' dir='ltr'><strong>οἳ</strong></span> <span class='ocrx_word' id='word_1_129' title='bbox 978 1328 1236 1399; x_wconf 78' lang='grc' dir='ltr'><em>βάρβαροι</em></span> <span class='ocrx_word' id='word_1_130' title='bbox 1272 1329 1498 1397; x_wconf 72' lang='grc' dir='ltr'><em>ἤχθοντο</em></span> <span class='ocrx_word' id='word_1_131' title='bbox 1543 1326 1917 1398; x_wconf 81' lang='grc' dir='ltr'><em>ἐπιχωριάζοντι</em></span> <span class='ocrx_word' id='word_1_132' title='bbox 1962 1328 2155 1392; x_wconf 78' lang='grc' dir='ltr'><em>αὐτοῖς,</em></span> 
     </span>
     <span class='ocr_line' id='line_1_15' title="bbox 335 1411 2156 1486; baseline 0 -19"><span class='ocrx_word' id='word_1_133' title='bbox 335 1414 428 1467; x_wconf 81' lang='grc' dir='ltr'><strong>οὐκ</strong></span> <span class='ocrx_word' id='word_1_134' title='bbox 452 1414 636 1475; x_wconf 73' lang='grc' dir='ltr'><em>εἰωθὸς</em></span> <span class='ocrx_word' id='word_1_135' title='bbox 659 1411 903 1483; x_wconf 84' lang='grc' dir='ltr'><em>πρότερον</em></span> <span class='ocrx_word' id='word_1_136' title='bbox 929 1419 1000 1486; x_wconf 78' lang='grc' dir='ltr'><em>τῷ</em></span> <span class='ocrx_word' id='word_1_137' title='bbox 1027 1412 1286 1481; x_wconf 84' lang='grc' dir='ltr'><em>Ῥωμαίων</em></span> <span class='ocrx_word' id='word_1_138' title='bbox 1314 1418 1533 1486; x_wconf 78' lang='grc' dir='ltr'><em>στρατῷ.</em></span> <span class='ocrx_word' id='word_1_139' title='bbox 1623 1413 1656 1466; x_wconf 81' lang='grc' dir='ltr'><strong><em>ἃ</em></strong></span> <span class='ocrx_word' id='word_1_140' title='bbox 1690 1414 1753 1480; x_wconf 79' lang='grc' dir='ltr'><strong>δὴ</strong></span> <span class='ocrx_word' id='word_1_141' title='bbox 1791 1413 1954 1466; x_wconf 69' lang='grc' dir='ltr'><em>οὐκέτι</em></span> <span class='ocrx_word' id='word_1_142' title='bbox 1989 1414 2156 1484; x_wconf 76' lang='grc' dir='ltr'><em>φέρειν</em></span> 
     </span>
     <span class='ocr_line' id='line_1_16' title="bbox 334 1496 2242 1570; baseline 0.002 -18"><span class='ocrx_word' id='word_1_143' title='bbox 334 1497 436 1552; x_wconf 78' lang='grc' dir='ltr'><em>οἶοί</em></span> <span class='ocrx_word' id='word_1_144' title='bbox 454 1521 506 1552; x_wconf 88' lang='grc' dir='ltr'><strong>τε</strong></span> <span class='ocrx_word' id='word_1_145' title='bbox 532 1498 668 1560; x_wconf 76' lang='grc' dir='ltr'><em>ὄντες</em></span> <span class='ocrx_word' id='word_1_146' title='bbox 694 1499 924 1569; x_wconf 76' lang='grc' dir='ltr'><em>Πέρσαις</em></span> <span class='ocrx_word' id='word_1_147' title='bbox 944 1520 996 1551; x_wconf 90' lang='grc' dir='ltr'><strong>τε</strong></span> <span class='ocrx_word' id='word_1_148' title='bbox 1022 1501 1104 1551; x_wconf 83' lang='grc' dir='ltr'><strong>καὶ</strong></span> <span class='ocrx_word' id='word_1_149' title='bbox 1128 1496 1343 1570; x_wconf 83' lang='grc' dir='ltr'><em>Χοσρόῃ</em></span> <span class='ocrx_word' id='word_1_150' title='bbox 1369 1507 1680 1568; x_wconf 83' lang='grc' dir='ltr'><em>προσχωρεῖν</em></span> <span class='ocrx_word' id='word_1_151' title='bbox 1702 1498 1950 1567; x_wconf 71' lang='grc' dir='ltr'><em>ἔγνωσαν,</em></span> <span class='ocrx_word' id='word_1_152' title='bbox 1997 1499 2152 1569; x_wconf 79' lang='grc' dir='ltr'><em>πρέσ-</em></span> <span class='ocrx_word' id='word_1_153' title='bbox 2170 1511 2242 1560; x_wconf 89' lang='grc'><strong>15,-</strong></span> 
     </span>
     <span class='ocr_line' id='line_1_17' title="bbox 331 1581 2152 1654; baseline 0 -19"><span class='ocrx_word' id='word_1_154' title='bbox 331 1590 439 1651; x_wconf 80' lang='grc' dir='ltr'><em>βεις</em></span> <span class='ocrx_word' id='word_1_155' title='bbox 468 1606 519 1636; x_wconf 85' lang='grc' dir='ltr'><strong>τε</strong></span> <span class='ocrx_word' id='word_1_156' title='bbox 550 1584 731 1636; x_wconf 78' lang='grc' dir='ltr'><em>αὐτίκα</em></span> <span class='ocrx_word' id='word_1_157' title='bbox 757 1583 877 1645; x_wconf 66' lang='grc' dir='ltr'><em>τοὺς</em></span> <span class='ocrx_word' id='word_1_158' title='bbox 902 1589 1064 1636; x_wconf 79' lang='grc' dir='ltr'><em>ταῦτα</em></span> <span class='ocrx_word' id='word_1_159' title='bbox 1095 1585 1526 1654; x_wconf 74' lang='grc' dir='ltr'><em>διαπραξομένους</em></span> <span class='ocrx_word' id='word_1_160' title='bbox 1551 1582 1723 1654; x_wconf 77' lang='grc' dir='ltr'><em>κρύφα</em></span> <span class='ocrx_word' id='word_1_161' title='bbox 1739 1581 1999 1650; x_wconf 86' lang='grc' dir='ltr'><em>Ῥωμαίων</em></span> <span class='ocrx_word' id='word_1_162' title='bbox 2024 1583 2152 1653; x_wconf 76' lang='grc' dir='ltr'><em>παρ’</em></span> 
     </span>
     <span class='ocr_line' id='line_1_18' title="bbox 328 1666 2155 1738; baseline 0 -18"><span class='ocrx_word' id='word_1_163' title='bbox 328 1669 517 1730; x_wconf 67' lang='grc' dir='ltr'><em>αὐτοὺς</em></span> <span class='ocrx_word' id='word_1_164' title='bbox 540 1669 790 1736; x_wconf 69' lang='grc' dir='ltr'><em>ἔπεμψαν.</em></span> <span class='ocrx_word' id='word_1_165' title='bbox 878 1666 954 1730; x_wconf 80' lang='grc' dir='ltr'><em>οἷς</em></span> <span class='ocrx_word' id='word_1_166' title='bbox 981 1669 1043 1735; x_wconf 80' lang='grc' dir='ltr'><strong>δὴ</strong></span> <span class='ocrx_word' id='word_1_167' title='bbox 1074 1670 1240 1737; x_wconf 73' lang='grc' dir='ltr'><em>εἴρητο</em></span> <span class='ocrx_word' id='word_1_168' title='bbox 1267 1670 1330 1721; x_wconf 79' lang='grc' dir='ltr'><em>τὰ</em></span> <span class='ocrx_word' id='word_1_169' title='bbox 1356 1669 1509 1722; x_wconf 83' lang='grc' dir='ltr'><em>πιστὰ</em></span> <span class='ocrx_word' id='word_1_170' title='bbox 1536 1670 1662 1734; x_wconf 82' lang='grc' dir='ltr'><em>πρὸς</em></span> <span class='ocrx_word' id='word_1_171' title='bbox 1686 1666 1929 1738; x_wconf 88' lang='grc' dir='ltr'><em>Χοσρόου</em></span> <span class='ocrx_word' id='word_1_172' title='bbox 1960 1673 2155 1735; x_wconf 77' lang='grc' dir='ltr'><em>λαβοῦ-</em></span> 
     </span>
     <span class='ocr_line' id='line_1_19' title="bbox 330 1751 2151 1822; baseline -0.001 -16"><span class='ocrx_word' id='word_1_173' title='bbox 330 1775 411 1806; x_wconf 89' lang='grc' dir='ltr'><strong>σιν</strong></span> <span class='ocrx_word' id='word_1_174' title='bbox 424 1795 440 1819; x_wconf 95' lang='grc'><em>,</em></span> <span class='ocrx_word' id='word_1_175' title='bbox 489 1753 565 1806; x_wconf 83' lang='grc' dir='ltr'><strong>ὅτι</strong></span> <span class='ocrx_word' id='word_1_176' title='bbox 590 1775 641 1822; x_wconf 80' lang='grc' dir='ltr'><em>γε</em></span> <span class='ocrx_word' id='word_1_177' title='bbox 670 1753 853 1806; x_wconf 69' lang='grc' dir='ltr'><em>οἷῖποτε</em></span> <span class='ocrx_word' id='word_1_178' title='bbox 876 1754 1090 1818; x_wconf 81' lang='grc' dir='ltr'><em>Λαζούς</em></span> <span class='ocrx_word' id='word_1_179' title='bbox 1117 1754 1334 1815; x_wconf 77' lang='grc' dir='ltr'><em>ἄκοντας</em></span> <span class='ocrx_word' id='word_1_180' title='bbox 1360 1751 1564 1807; x_wconf 80' lang='grc' dir='ltr'><em>ἐκδώσει</em></span> <span class='ocrx_word' id='word_1_181' title='bbox 1584 1751 1879 1820; x_wconf 82' lang='grc' dir='ltr'><em>Ῥωμαίοις,</em></span> <span class='ocrx_word' id='word_1_182' title='bbox 1927 1751 2062 1807; x_wconf 77' lang='grc' dir='ltr'><em>οὕτω</em></span> <span class='ocrx_word' id='word_1_183' title='bbox 2088 1752 2151 1820; x_wconf 81' lang='grc' dir='ltr'><strong>δὴ</strong></span> 
     </span>
     <span class='ocr_line' id='line_1_20' title="bbox 336 1836 1979 1910; baseline 0 -19"><span class='ocrx_word' id='word_1_184' title='bbox 336 1838 506 1891; x_wconf 81' lang='grc' dir='ltr'><em>αὐτῶν</em></span> <span class='ocrx_word' id='word_1_185' title='bbox 537 1839 624 1900; x_wconf 77' lang='grc' dir='ltr'><strong>ξὺν</strong></span> <span class='ocrx_word' id='word_1_186' title='bbox 650 1843 721 1909; x_wconf 79' lang='grc' dir='ltr'><em>τῷ</em></span> <span class='ocrx_word' id='word_1_187' title='bbox 746 1843 965 1908; x_wconf 87' lang='grc' dir='ltr'><em>Περσῶν</em></span> <span class='ocrx_word' id='word_1_188' title='bbox 992 1845 1194 1910; x_wconf 76' lang='grc' dir='ltr'><em>στρατῷ</em></span> <span class='ocrx_word' id='word_1_189' title='bbox 1219 1840 1269 1900; x_wconf 87' lang='grc' dir='ltr'><em>ἐς</em></span> <span class='ocrx_word' id='word_1_190' title='bbox 1298 1839 1391 1906; x_wconf 85' lang='grc' dir='ltr'><strong>τὴν</strong></span> <span class='ocrx_word' id='word_1_191' title='bbox 1409 1836 1586 1907; x_wconf 86' lang='grc' dir='ltr'><em>χώραν</em></span> <span class='ocrx_word' id='word_1_192' title='bbox 1609 1837 1979 1907; x_wconf 73' lang='grc' dir='ltr'><em>ἀπαγαγέσθαι.</em></span> 
     </span>
    </p>

    <p class='ocr_par' dir='ltr' id='par_1_5' title="bbox 151 1917 2254 1993">
     <span class='ocr_line' id='line_1_21' title="bbox 151 1917 2254 1993; baseline 0.002 -18"><span class='ocrx_word' id='word_1_193' title='bbox 151 1933 193 1975; x_wconf 86' lang='lat' dir='ltr'><strong>V</strong></span> <span class='ocrx_word' id='word_1_194' title='bbox 221 1935 308 1978; x_wconf 83' lang='lat'><strong>307</strong></span> <span class='ocrx_word' id='word_1_195' title='bbox 499 1920 814 1992; x_wconf 78' lang='grc' dir='ltr'><em>Ἀφικόμενοι</em></span> <span class='ocrx_word' id='word_1_196' title='bbox 854 1925 1023 1975; x_wconf 83' lang='grc' dir='ltr'><em>τοίνυν</em></span> <span class='ocrx_word' id='word_1_197' title='bbox 1050 1926 1118 1984; x_wconf 79' lang='grc' dir='ltr'><strong>εἷς</strong></span> <span class='ocrx_word' id='word_1_198' title='bbox 1140 1924 1348 1993; x_wconf 71' lang='grc' dir='ltr'><em>Πέρσας</em></span> <span class='ocrx_word' id='word_1_199' title='bbox 1376 1924 1423 1976; x_wconf 73' lang='grc' dir='ltr'><strong>οἳ</strong></span> <span class='ocrx_word' id='word_1_200' title='bbox 1448 1923 1680 1991; x_wconf 75' lang='grc' dir='ltr'><em>πρέσβεις</em></span> <span class='ocrx_word' id='word_1_201' title='bbox 1704 1925 1787 1976; x_wconf 82' lang='grc' dir='ltr'><strong>καὶ</strong></span> <span class='ocrx_word' id='word_1_202' title='bbox 1815 1918 2030 1993; x_wconf 84' lang='grc' dir='ltr'><em>Χοσρόῃ</em></span> <span class='ocrx_word' id='word_1_203' title='bbox 2058 1917 2151 1975; x_wconf 78' lang='grc' dir='ltr'><strong>λᾶ-</strong></span> <span class='ocrx_word' id='word_1_204' title='bbox 2165 1935 2254 1990; x_wconf 75' lang='grc' dir='ltr'><strong>2οῆ</strong></span> 
     </span>
    </p>

    <p class='ocr_par' dir='ltr' id='par_1_6' title="bbox 266 2005 2153 2164">
     <span class='ocr_line' id='line_1_22' title="bbox 266 2005 2153 2082; baseline -0.001 -21"><span class='ocrx_word' id='word_1_205' title='bbox 266 2023 304 2064; x_wconf 89' lang='lat' dir='ltr'>D</span> <span class='ocrx_word' id='word_1_206' title='bbox 335 2014 445 2078; x_wconf 92' lang='grc' dir='ltr'><strong>θρα</strong></span> <span class='ocrx_word' id='word_1_207' title='bbox 471 2009 521 2068; x_wconf 82' lang='grc' dir='ltr'><em>ἐς</em></span> <span class='ocrx_word' id='word_1_208' title='bbox 564 2006 684 2072; x_wconf 70' lang='grc' dir='ltr'><em>ὄψιν</em></span> <span class='ocrx_word' id='word_1_209' title='bbox 726 2005 962 2069; x_wconf 78' lang='grc' dir='ltr'><em>ἐλθόντες</em></span> <span class='ocrx_word' id='word_1_210' title='bbox 1004 2007 1174 2070; x_wconf 66' lang='grc' dir='ltr'><em>ἔλεξαν</em></span> <span class='ocrx_word' id='word_1_211' title='bbox 1209 2007 1379 2061; x_wconf 77' lang='grc' dir='ltr'><em>τοιάδε</em></span> <span class='ocrx_word' id='word_1_212' title='bbox 1422 2009 1554 2082; x_wconf 69' lang='grc' dir='ltr'><strong>,,Εᾷ’</strong></span> <span class='ocrx_word' id='word_1_213' title='bbox 1583 2029 1724 2069; x_wconf 86' lang='grc' dir='ltr'><em>τινας</em></span> <span class='ocrx_word' id='word_1_214' title='bbox 1754 2009 1835 2060; x_wconf 78' lang='grc' dir='ltr'><strong>καὶ</strong></span> <span class='ocrx_word' id='word_1_215' title='bbox 1875 2007 2062 2069; x_wconf 75' lang='grc' dir='ltr'><em>ἄλλους</em></span> <span class='ocrx_word' id='word_1_216' title='bbox 2098 2006 2153 2060; x_wconf 75' lang='grc' dir='ltr'><strong>ἐκ</strong></span> 
     </span>
     <span class='ocr_line' id='line_1_23' title="bbox 330 2089 2152 2164; baseline 0.001 -19"><span class='ocrx_word' id='word_1_217' title='bbox 330 2099 423 2146; x_wconf 86' lang='grc' dir='ltr'><em>τοῦ</em></span> <span class='ocrx_word' id='word_1_218' title='bbox 463 2091 650 2153; x_wconf 83' lang='grc' dir='ltr'><em>παντὸς</em></span> <span class='ocrx_word' id='word_1_219' title='bbox 684 2090 871 2162; x_wconf 87' lang='grc' dir='ltr'><em>χρόνου</em></span> <span class='ocrx_word' id='word_1_220' title='bbox 907 2098 1009 2146; x_wconf 84' lang='grc' dir='ltr'><strong>τῶν</strong></span> <span class='ocrx_word' id='word_1_221' title='bbox 1047 2094 1139 2160; x_wconf 76' lang='grc' dir='ltr'><strong>μὲν</strong></span> <span class='ocrx_word' id='word_1_222' title='bbox 1177 2095 1367 2147; x_wconf 76' lang='grc' dir='ltr'><em>οἰκείων</em></span> <span class='ocrx_word' id='word_1_223' title='bbox 1407 2090 1732 2156; x_wconf 78' lang='grc' dir='ltr'><em>ἀποστάντας</em></span> <span class='ocrx_word' id='word_1_224' title='bbox 1753 2091 1921 2145; x_wconf 84' lang='grc' dir='ltr'><em>ὅντινα</em></span> <span class='ocrx_word' id='word_1_225' title='bbox 1946 2093 2008 2161; x_wconf 83' lang='grc' dir='ltr'><strong>δὴ</strong></span> <span class='ocrx_word' id='word_1_226' title='bbox 2029 2089 2152 2164; x_wconf 87' lang='grc' dir='ltr'><em>τρό-</em></span> 
     </span>
    </p>
   </div>
   <div class='ocr_carea' id='block_1_3' title="bbox 443 2265 2150 2384">
    <p class='ocr_par' dir='ltr' id='par_1_7' title="bbox 443 2265 2150 2384">
     <span class='ocr_line' id='line_1_24' title="bbox 443 2265 2150 2327; baseline -0.001 -15"><span class='ocrx_word' id='word_1_227' title='bbox 443 2269 484 2313; x_wconf 88' lang='lat'><strong>4.</strong></span> <span class='ocrx_word' id='word_1_228' title='bbox 529 2266 789 2324; x_wconf 72' lang='grc' dir='ltr'><em>οἶνὲπεισεν]</em></span> <span class='ocrx_word' id='word_1_229' title='bbox 821 2265 1042 2312; x_wconf 77' lang='grc' dir='ltr'><em>ἐνέπεισεν</em></span> <span class='ocrx_word' id='word_1_230' title='bbox 1073 2267 1136 2310; x_wconf 79' lang='lat' dir='ltr'><strong>H:</strong></span> <span class='ocrx_word' id='word_1_231' title='bbox 1178 2267 1279 2311; x_wconf 93' lang='lat' dir='ltr'><strong>illud</strong></span> <span class='ocrx_word' id='word_1_232' title='bbox 1310 2268 1408 2310; x_wconf 87' lang='lat' dir='ltr'><strong>Hm.</strong></span> <span class='ocrx_word' id='word_1_233' title='bbox 1577 2270 1622 2314; x_wconf 89' lang='grc'><strong>9.</strong></span> <span class='ocrx_word' id='word_1_234' title='bbox 1664 2268 1844 2327; x_wconf 78' lang='grc' dir='ltr'><em>Πέτρᾳ]</em></span> <span class='ocrx_word' id='word_1_235' title='bbox 1872 2267 2058 2324; x_wconf 79' lang='grc' dir='ltr'><em>πέτραις</em></span> <span class='ocrx_word' id='word_1_236' title='bbox 2083 2268 2150 2310; x_wconf 82' lang='lat' dir='ltr'><strong>H:</strong></span> 
     </span>
     <span class='ocr_line' id='line_1_25' title="bbox 443 2323 1516 2384; baseline 0.001 -15"><span class='ocrx_word' id='word_1_237' title='bbox 443 2325 587 2384; x_wconf 77' lang='grc' dir='ltr'><em>πέτρᾳ</em></span> <span class='ocrx_word' id='word_1_238' title='bbox 615 2327 710 2368; x_wconf 88' lang='lat' dir='ltr'><strong>Hm.</strong></span> <span class='ocrx_word' id='word_1_239' title='bbox 827 2329 895 2370; x_wconf 81' lang='lat'><strong>11.</strong></span> <span class='ocrx_word' id='word_1_240' title='bbox 925 2325 1121 2383; x_wconf 78' lang='grc' dir='ltr'><em>ἐγίγνετο</em></span> <span class='ocrx_word' id='word_1_241' title='bbox 1150 2326 1202 2368; x_wconf 83' lang='lat' dir='ltr'><strong>L.</strong></span> <span class='ocrx_word' id='word_1_242' title='bbox 1261 2323 1433 2382; x_wconf 74' lang='grc' dir='ltr'><em>ἐγένετο</em></span> <span class='ocrx_word' id='word_1_243' title='bbox 1462 2326 1516 2371; x_wconf 89' lang='grc' dir='ltr'><strong>Ρ.</strong></span> 
     </span>
    </p>
   </div>
   <div class='ocr_carea' id='block_1_4' title="bbox 325 2479 2254 3503">
    <p class='ocr_par' dir='ltr' id='par_1_8' title="bbox 325 2479 2254 3330">
     <span class='ocr_line' id='line_1_26' title="bbox 331 2479 2150 2537; baseline -0.001 -14"><span class='ocrx_word' id='word_1_244' title='bbox 331 2481 442 2524; x_wconf 88' lang='lat' dir='ltr'><strong>tales</strong></span> <span class='ocrx_word' id='word_1_245' title='bbox 482 2495 622 2523; x_wconf 90' lang='lat' dir='ltr'><strong>omnes</strong></span> <span class='ocrx_word' id='word_1_246' title='bbox 661 2480 861 2537; x_wconf 86' lang='lat' dir='ltr'><strong>insignite</strong></span> <span class='ocrx_word' id='word_1_247' title='bbox 915 2480 1130 2537; x_wconf 87' lang='lat' dir='ltr'><strong>improbus</strong></span> <span class='ocrx_word' id='word_1_248' title='bbox 1177 2481 1330 2524; x_wconf 81' lang='lat' dir='ltr'><strong>nullam</strong></span> <span class='ocrx_word' id='word_1_249' title='bbox 1370 2494 1452 2524; x_wconf 93' lang='lat' dir='ltr'><strong>non</strong></span> <span class='ocrx_word' id='word_1_250' title='bbox 1494 2481 1668 2523; x_wconf 86' lang='lat' dir='ltr'><strong>calleret</strong></span> <span class='ocrx_word' id='word_1_251' title='bbox 1707 2479 1890 2523; x_wconf 83' lang='lat' dir='ltr'><strong>iniustae</strong></span> <span class='ocrx_word' id='word_1_252' title='bbox 1944 2480 2150 2537; x_wconf 84' lang='lat' dir='ltr'><strong>pecuniae</strong></span> 
     </span>
     <span class='ocr_line' id='line_1_27' title="bbox 330 2538 2150 2594; baseline 0.001 -16"><span class='ocrx_word' id='word_1_253' title='bbox 330 2539 456 2582; x_wconf 63' lang='lat' dir='ltr'><strong>viam.</strong></span> <span class='ocrx_word' id='word_1_254' title='bbox 518 2539 600 2579; x_wconf 85' lang='lat' dir='ltr'><strong>Hic</strong></span> <span class='ocrx_word' id='word_1_255' title='bbox 631 2539 910 2580; x_wconf 84' lang='lat' dir='ltr'><strong>Romanorum</strong></span> <span class='ocrx_word' id='word_1_256' title='bbox 943 2539 1239 2594; x_wconf 79' lang='lat' dir='ltr'><strong>Lazorumque</strong></span> <span class='ocrx_word' id='word_1_257' title='bbox 1271 2552 1341 2580; x_wconf 85' lang='lat' dir='ltr'><strong>res</strong></span> <span class='ocrx_word' id='word_1_258' title='bbox 1371 2538 1646 2580; x_wconf 78' lang='lat' dir='ltr'>labefactavit</span> <span class='ocrx_word' id='word_1_259' title='bbox 1677 2552 1858 2594; x_wconf 83' lang='lat' dir='ltr'><strong>prorsus</strong></span> <span class='ocrx_word' id='word_1_260' title='bbox 1889 2552 1940 2579; x_wconf 89' lang='lat' dir='ltr'><strong>ac</strong></span> <span class='ocrx_word' id='word_1_261' title='bbox 1968 2538 2150 2580; x_wconf 79' lang='lat' dir='ltr'><strong>miscuit.</strong></span> 
     </span>
     <span class='ocr_line' id='line_1_28' title="bbox 328 2591 2146 2651; baseline 0 -14"><span class='ocrx_word' id='word_1_262' title='bbox 328 2596 444 2637; x_wconf 86' lang='lat' dir='ltr'><strong>Idem</strong></span> <span class='ocrx_word' id='word_1_263' title='bbox 472 2591 882 2651; x_wconf 72' lang='lat' dir='ltr'><strong>Iustinianum‘Aug.</strong></span> <span class='ocrx_word' id='word_1_264' title='bbox 915 2596 1117 2651; x_wconf 74' lang='lat' dir='ltr'>perpulit,</span> <span class='ocrx_word' id='word_1_265' title='bbox 1157 2600 1207 2637; x_wconf 90' lang='lat' dir='ltr'><strong>ut</strong></span> <span class='ocrx_word' id='word_1_266' title='bbox 1235 2595 1279 2637; x_wconf 89' lang='lat' dir='ltr'><strong>in</strong></span> <span class='ocrx_word' id='word_1_267' title='bbox 1306 2595 1463 2637; x_wconf 86' lang='lat' dir='ltr'><strong>Lazica</strong></span> <span class='ocrx_word' id='word_1_268' title='bbox 1494 2595 1738 2637; x_wconf 74' lang='lat' dir='ltr'>maritimam</span> <span class='ocrx_word' id='word_1_269' title='bbox 1768 2596 1929 2646; x_wconf 88' lang='lat' dir='ltr'><strong>urbem,</strong></span> <span class='ocrx_word' id='word_1_270' title='bbox 1969 2593 2036 2636; x_wconf 89' lang='lat' dir='ltr'><strong>cui</strong></span> <span class='ocrx_word' id='word_1_271' title='bbox 2065 2609 2146 2637; x_wconf 87' lang='lat' dir='ltr'><strong>no-</strong></span> 
     </span>
     <span class='ocr_line' id='line_1_29' title="bbox 328 2651 2149 2707; baseline 0.001 -15"><span class='ocrx_word' id='word_1_272' title='bbox 328 2666 421 2693; x_wconf 88' lang='lat' dir='ltr'><strong>men</strong></span> <span class='ocrx_word' id='word_1_273' title='bbox 449 2651 626 2693; x_wconf 88' lang='lat' dir='ltr'><strong>inditum</strong></span> <span class='ocrx_word' id='word_1_274' title='bbox 657 2652 833 2703; x_wconf 89' lang='lat' dir='ltr'><strong>Petrae,</strong></span> <span class='ocrx_word' id='word_1_275' title='bbox 880 2652 1106 2694; x_wconf 80' lang='lat' dir='ltr'><strong>conderet:</strong></span> <span class='ocrx_word' id='word_1_276' title='bbox 1149 2651 1260 2694; x_wconf 88' lang='lat' dir='ltr'><strong>unde</strong></span> <span class='ocrx_word' id='word_1_277' title='bbox 1289 2659 1485 2707; x_wconf 83' lang='lat' dir='ltr'><strong>tanquam</strong></span> <span class='ocrx_word' id='word_1_278' title='bbox 1515 2667 1567 2694; x_wconf 88' lang='lat' dir='ltr'><strong>ex</strong></span> <span class='ocrx_word' id='word_1_279' title='bbox 1598 2666 1698 2694; x_wconf 86' lang='lat' dir='ltr'><strong>arce</strong></span> <span class='ocrx_word' id='word_1_280' title='bbox 1726 2651 1966 2703; x_wconf 78' lang='lat' dir='ltr'><strong>imminens,</strong></span> <span class='ocrx_word' id='word_1_281' title='bbox 2010 2651 2149 2693; x_wconf 87' lang='lat' dir='ltr'><strong>Lazo-</strong></span> 
     </span>
     <span class='ocr_line' id='line_1_30' title="bbox 326 2708 2148 2765; baseline 0 -15"><span class='ocrx_word' id='word_1_282' title='bbox 326 2723 418 2750; x_wconf 86' lang='lat' dir='ltr'><strong>rum</strong></span> <span class='ocrx_word' id='word_1_283' title='bbox 447 2708 639 2750; x_wconf 79' lang='lat' dir='ltr'><strong>fortunas</strong></span> <span class='ocrx_word' id='word_1_284' title='bbox 668 2710 825 2763; x_wconf 79' lang='lat' dir='ltr'><strong>agebat</strong></span> <span class='ocrx_word' id='word_1_285' title='bbox 852 2710 1118 2765; x_wconf 81' lang='lat' dir='ltr'><strong>ferebatque.</strong></span> <span class='ocrx_word' id='word_1_286' title='bbox 1178 2708 1450 2752; x_wconf 85' lang='lat' dir='ltr'><strong>Institoribus</strong></span> <span class='ocrx_word' id='word_1_287' title='bbox 1479 2711 1588 2751; x_wconf 90' lang='lat' dir='ltr'><strong>enim</strong></span> <span class='ocrx_word' id='word_1_288' title='bbox 1618 2723 1695 2750; x_wconf 87' lang='lat' dir='ltr'><strong>nec</strong></span> <span class='ocrx_word' id='word_1_289' title='bbox 1725 2710 1803 2761; x_wconf 83' lang='lat' dir='ltr'><strong>sal,</strong></span> <span class='ocrx_word' id='word_1_290' title='bbox 1848 2723 1926 2750; x_wconf 89' lang='lat' dir='ltr'><strong>nec</strong></span> <span class='ocrx_word' id='word_1_291' title='bbox 1954 2714 2148 2750; x_wconf 83' lang='lat' dir='ltr'><strong>caeteras</strong></span> 
     </span>
     <span class='ocr_line' id='line_1_31' title="bbox 325 2765 2149 2819; baseline 0 -13"><span class='ocrx_word' id='word_1_292' title='bbox 325 2778 512 2814; x_wconf 89' lang='lat' dir='ltr'><strong>merces,</strong></span> <span class='ocrx_word' id='word_1_293' title='bbox 546 2779 657 2819; x_wconf 87' lang='lat' dir='ltr'><strong>quae</strong></span> <span class='ocrx_word' id='word_1_294' title='bbox 688 2765 813 2806; x_wconf 78' lang='lat' dir='ltr'><strong>hazis</strong></span> <span class='ocrx_word' id='word_1_295' title='bbox 843 2768 1111 2808; x_wconf 82' lang='lat' dir='ltr'><strong>necessariae</strong></span> <span class='ocrx_word' id='word_1_296' title='bbox 1143 2766 1420 2816; x_wconf 85' lang='lat' dir='ltr'><strong>videbantur,</strong></span> <span class='ocrx_word' id='word_1_297' title='bbox 1453 2765 1496 2807; x_wconf 87' lang='lat' dir='ltr'><strong>in</strong></span> <span class='ocrx_word' id='word_1_298' title='bbox 1528 2765 1774 2808; x_wconf 90' lang='lat' dir='ltr'><strong>Colchidem</strong></span> <span class='ocrx_word' id='word_1_299' title='bbox 1804 2765 2039 2818; x_wconf 85' lang='lat' dir='ltr'><strong>advehere,</strong></span> <span class='ocrx_word' id='word_1_300' title='bbox 2071 2778 2149 2806; x_wconf 88' lang='lat' dir='ltr'><strong>ne-</strong></span> 
     </span>
     <span class='ocr_line' id='line_1_32' title="bbox 325 2821 2147 2878; baseline 0.001 -16"><span class='ocrx_word' id='word_1_301' title='bbox 325 2835 409 2877; x_wconf 88' lang='lat' dir='ltr'><strong>que</strong></span> <span class='ocrx_word' id='word_1_302' title='bbox 438 2821 543 2862; x_wconf 85' lang='lat' dir='ltr'><strong>alias</strong></span> <span class='ocrx_word' id='word_1_303' title='bbox 572 2821 670 2863; x_wconf 87' lang='lat' dir='ltr'><strong>inde</strong></span> <span class='ocrx_word' id='word_1_304' title='bbox 700 2836 837 2864; x_wconf 88' lang='lat' dir='ltr'><strong>emere</strong></span> <span class='ocrx_word' id='word_1_305' title='bbox 867 2837 943 2878; x_wconf 89' lang='lat' dir='ltr'><strong>per</strong></span> <span class='ocrx_word' id='word_1_306' title='bbox 972 2823 1086 2864; x_wconf 91' lang='lat' dir='ltr'><strong>illum</strong></span> <span class='ocrx_word' id='word_1_307' title='bbox 1116 2823 1286 2868; x_wconf 81' lang='lat' dir='ltr'><strong>licebat.</strong></span> <span class='ocrx_word' id='word_1_308' title='bbox 1344 2822 1432 2864; x_wconf 87' lang='lat' dir='ltr'><strong>Sed</strong></span> <span class='ocrx_word' id='word_1_309' title='bbox 1461 2822 1620 2865; x_wconf 83' lang='lat' dir='ltr'><strong>Petrae</strong></span> <span class='ocrx_word' id='word_1_310' title='bbox 1648 2823 1859 2874; x_wconf 89' lang='lat' dir='ltr'><strong>instituto,</strong></span> <span class='ocrx_word' id='word_1_311' title='bbox 1900 2828 1947 2864; x_wconf 90' lang='lat' dir='ltr'><strong>ut</strong></span> <span class='ocrx_word' id='word_1_312' title='bbox 1976 2827 2147 2872; x_wconf 87' lang='lat' dir='ltr'><strong>vocant,</strong></span> 
     </span>
     <span class='ocr_line' id='line_1_33' title="bbox 326 2877 2147 2935; baseline 0.001 -17"><span class='ocrx_word' id='word_1_313' title='bbox 326 2877 591 2933; x_wconf 85' lang='lat' dir='ltr'><strong>monopolio,</strong></span> <span class='ocrx_word' id='word_1_314' title='bbox 639 2878 733 2933; x_wconf 89' lang='lat' dir='ltr'><strong>ipse</strong></span> <span class='ocrx_word' id='word_1_315' title='bbox 780 2880 958 2934; x_wconf 85' lang='lat' dir='ltr'><strong>propola</strong></span> <span class='ocrx_word' id='word_1_316' title='bbox 987 2894 1038 2922; x_wconf 87' lang='lat' dir='ltr'><strong>ac</strong></span> <span class='ocrx_word' id='word_1_317' title='bbox 1069 2881 1200 2923; x_wconf 86' lang='lat' dir='ltr'><strong>totius</strong></span> <span class='ocrx_word' id='word_1_318' title='bbox 1242 2878 1543 2935; x_wconf 70' lang='lat' dir='ltr'><strong>negotiationis</strong></span> <span class='ocrx_word' id='word_1_319' title='bbox 1585 2885 1758 2923; x_wconf 83' lang='lat' dir='ltr'><strong>curator</strong></span> <span class='ocrx_word' id='word_1_320' title='bbox 1788 2884 1905 2930; x_wconf 90' lang='lat' dir='ltr'><strong>erat,</strong></span> <span class='ocrx_word' id='word_1_321' title='bbox 1957 2891 2147 2920; x_wconf 86' lang='lat' dir='ltr'><strong>mercans</strong></span> 
     </span>
     <span class='ocr_line' id='line_1_34' title="bbox 327 2934 2144 2993; baseline 0.001 -19"><span class='ocrx_word' id='word_1_322' title='bbox 327 2934 490 2985; x_wconf 86' lang='lat' dir='ltr'><strong>omnia,</strong></span> <span class='ocrx_word' id='word_1_323' title='bbox 535 2949 586 2977; x_wconf 87' lang='lat' dir='ltr'><strong>ac</strong></span> <span class='ocrx_word' id='word_1_324' title='bbox 615 2935 874 2990; x_wconf 88' lang='lat' dir='ltr'><strong>postmodum</strong></span> <span class='ocrx_word' id='word_1_325' title='bbox 907 2950 988 2978; x_wconf 90' lang='lat' dir='ltr'><strong>non</strong></span> <span class='ocrx_word' id='word_1_326' title='bbox 1029 2937 1183 2988; x_wconf 90' lang='lat' dir='ltr'><strong>solito,</strong></span> <span class='ocrx_word' id='word_1_327' title='bbox 1228 2938 1304 2979; x_wconf 88' lang='lat' dir='ltr'><strong>sed</strong></span> <span class='ocrx_word' id='word_1_328' title='bbox 1334 2942 1493 2992; x_wconf 85' lang='lat' dir='ltr'><strong>quanto</strong></span> <span class='ocrx_word' id='word_1_329' title='bbox 1534 2943 1708 2993; x_wconf 81' lang='lat' dir='ltr'><strong>poterat</strong></span> <span class='ocrx_word' id='word_1_330' title='bbox 1744 2935 1882 2991; x_wconf 84' lang='lat' dir='ltr'><strong>pretio</strong></span> <span class='ocrx_word' id='word_1_331' title='bbox 1913 2934 2144 2977; x_wconf 85' lang='lat' dir='ltr'><strong>divendens</strong></span> 
     </span>
     <span class='ocr_line' id='line_1_35' title="bbox 328 2990 2145 3049; baseline 0.001 -17"><span class='ocrx_word' id='word_1_332' title='bbox 328 2990 515 3033; x_wconf 87' lang='lat' dir='ltr'><strong>Colchis.</strong></span> <span class='ocrx_word' id='word_1_333' title='bbox 573 2991 620 3032; x_wconf 90' lang='lat' dir='ltr'><strong>Id</strong></span> <span class='ocrx_word' id='word_1_334' title='bbox 652 3006 752 3033; x_wconf 88' lang='lat' dir='ltr'><strong>vero</strong></span> <span class='ocrx_word' id='word_1_335' title='bbox 784 2992 1034 3046; x_wconf 84' lang='lat' dir='ltr'><strong>gravissime</strong></span> <span class='ocrx_word' id='word_1_336' title='bbox 1063 2995 1260 3036; x_wconf 80' lang='lat' dir='ltr'><strong>ferebant</strong></span> <span class='ocrx_word' id='word_1_337' title='bbox 1282 2993 1480 3043; x_wconf 84' lang='lat' dir='ltr'><strong>Barbari,</strong></span> <span class='ocrx_word' id='word_1_338' title='bbox 1509 2992 1623 3049; x_wconf 88' lang='lat' dir='ltr'><strong>quod</strong></span> <span class='ocrx_word' id='word_1_339' title='bbox 1649 2993 1859 3034; x_wconf 82' lang='lat' dir='ltr'><strong>Romanus</strong></span> <span class='ocrx_word' id='word_1_340' title='bbox 1889 2991 2007 3032; x_wconf 89' lang='lat' dir='ltr'><strong>miles</strong></span> <span class='ocrx_word' id='word_1_341' title='bbox 2035 3005 2145 3034; x_wconf 86' lang='lat' dir='ltr'><strong>novo</strong></span> 
     </span>
     <span class='ocr_line' id='line_1_36' title="bbox 326 3047 2144 3104; baseline 0.001 -15"><span class='ocrx_word' id='word_1_342' title='bbox 326 3062 443 3090; x_wconf 90' lang='lat' dir='ltr'><strong>more</strong></span> <span class='ocrx_word' id='word_1_343' title='bbox 473 3048 584 3103; x_wconf 87' lang='lat' dir='ltr'><strong>apud</strong></span> <span class='ocrx_word' id='word_1_344' title='bbox 613 3047 729 3103; x_wconf 89' lang='lat' dir='ltr'><strong>ipsos</strong></span> <span class='ocrx_word' id='word_1_345' title='bbox 759 3057 1098 3092; x_wconf 88' lang='lat' dir='ltr'><strong>commoraretur.</strong></span> <span class='ocrx_word' id='word_1_346' title='bbox 1155 3051 1280 3101; x_wconf 81' lang='lat' dir='ltr'><strong>Quae</strong></span> <span class='ocrx_word' id='word_1_347' title='bbox 1308 3064 1401 3092; x_wconf 91' lang='lat' dir='ltr'><strong>cum</strong></span> <span class='ocrx_word' id='word_1_348' title='bbox 1440 3049 1503 3091; x_wconf 88' lang='lat' dir='ltr'><strong>illi</strong></span> <span class='ocrx_word' id='word_1_349' title='bbox 1533 3048 1690 3091; x_wconf 83' lang='lat' dir='ltr'><strong>diutius</strong></span> <span class='ocrx_word' id='word_1_350' title='bbox 1717 3048 1902 3090; x_wconf 84' lang='lat' dir='ltr'><strong>tolerare</strong></span> <span class='ocrx_word' id='word_1_351' title='bbox 1929 3062 2014 3090; x_wconf 87' lang='lat' dir='ltr'><strong>non</strong></span> <span class='ocrx_word' id='word_1_352' title='bbox 2044 3062 2144 3104; x_wconf 82' lang='lat' dir='ltr'><strong>pos·</strong></span> 
     </span>
     <span class='ocr_line' id='line_1_37' title="bbox 326 3104 2143 3157; baseline -0.001 -10"><span class='ocrx_word' id='word_1_353' title='bbox 326 3110 449 3157; x_wconf 87' lang='lat' dir='ltr'><strong>sent,</strong></span> <span class='ocrx_word' id='word_1_354' title='bbox 483 3104 526 3145; x_wconf 86' lang='lat' dir='ltr'><strong>in</strong></span> <span class='ocrx_word' id='word_1_355' title='bbox 556 3104 759 3146; x_wconf 87' lang='lat' dir='ltr'><strong>Chosrois</strong></span> <span class='ocrx_word' id='word_1_356' title='bbox 791 3111 834 3146; x_wconf 90' lang='lat' dir='ltr'><strong>et</strong></span> <span class='ocrx_word' id='word_1_357' title='bbox 860 3106 1085 3148; x_wconf 86' lang='lat' dir='ltr'><strong>Persarum</strong></span> <span class='ocrx_word' id='word_1_358' title='bbox 1114 3106 1240 3148; x_wconf 91' lang='lat' dir='ltr'><strong>fidem</strong></span> <span class='ocrx_word' id='word_1_359' title='bbox 1271 3107 1467 3148; x_wconf 87' lang='lat' dir='ltr'><strong>conferre</strong></span> <span class='ocrx_word' id='word_1_360' title='bbox 1494 3119 1542 3148; x_wconf 84' lang='lat' dir='ltr'><strong>se</strong></span> <span class='ocrx_word' id='word_1_361' title='bbox 1570 3105 1867 3147; x_wconf 68' lang='lat' dir='ltr'><strong>decreverunt.</strong></span> <span class='ocrx_word' id='word_1_362' title='bbox 1927 3104 2029 3146; x_wconf 88' lang='lat' dir='ltr'><strong>Sine</strong></span> <span class='ocrx_word' id='word_1_363' title='bbox 2055 3119 2143 3146; x_wconf 91' lang='lat' dir='ltr'><strong>mo-</strong></span> 
     </span>
     <span class='ocr_line' id='line_1_38' title="bbox 325 3158 2254 3218; baseline 0 -16"><span class='ocrx_word' id='word_1_364' title='bbox 325 3175 401 3213; x_wconf 82' lang='lat' dir='ltr'><strong>ra,</strong></span> <span class='ocrx_word' id='word_1_365' title='bbox 435 3161 636 3203; x_wconf 88' lang='lat' dir='ltr'><strong>Romanis</strong></span> <span class='ocrx_word' id='word_1_366' title='bbox 666 3161 833 3212; x_wconf 89' lang='lat' dir='ltr'><strong>insciis,</strong></span> <span class='ocrx_word' id='word_1_367' title='bbox 873 3163 1065 3216; x_wconf 82' lang='lat' dir='ltr'><strong>legatos,</strong></span> <span class='ocrx_word' id='word_1_368' title='bbox 1106 3164 1177 3218; x_wconf 88' lang='lat' dir='ltr'><strong>qui</strong></span> <span class='ocrx_word' id='word_1_369' title='bbox 1206 3177 1295 3205; x_wconf 90' lang='lat' dir='ltr'><strong>rem</strong></span> <span class='ocrx_word' id='word_1_370' title='bbox 1323 3162 1587 3217; x_wconf 81' lang='lat' dir='ltr'><strong>transigant,</strong></span> <span class='ocrx_word' id='word_1_371' title='bbox 1616 3162 1809 3212; x_wconf 85' lang='lat' dir='ltr'><strong>mittunt,</strong></span> <span class='ocrx_word' id='word_1_372' title='bbox 1838 3159 1906 3203; x_wconf 89' lang='lat' dir='ltr'><strong>his</strong></span> <span class='ocrx_word' id='word_1_373' title='bbox 1934 3161 2143 3203; x_wconf 89' lang='lat' dir='ltr'><strong>mandatis</strong></span> <span class='ocrx_word' id='word_1_374' title='bbox 2236 3158 2254 3209; x_wconf 67' lang='lat' dir='ltr'><strong>„l</strong></span> 
     </span>
     <span class='ocr_line' id='line_1_39' title="bbox 325 3210 2254 3274; baseline -0.002 -15"><span class='ocrx_word' id='word_1_375' title='bbox 325 3218 578 3268; x_wconf 80' lang='lat' dir='ltr'><strong>instructos,</strong></span> <span class='ocrx_word' id='word_1_376' title='bbox 609 3222 656 3258; x_wconf 84' lang='lat' dir='ltr'><strong>ut</strong></span> <span class='ocrx_word' id='word_1_377' title='bbox 683 3232 773 3260; x_wconf 90' lang='lat' dir='ltr'><strong>cum</strong></span> <span class='ocrx_word' id='word_1_378' title='bbox 805 3232 831 3259; x_wconf 87' lang='lat' dir='ltr'><strong>a</strong></span> <span class='ocrx_word' id='word_1_379' title='bbox 861 3218 1052 3260; x_wconf 90' lang='lat' dir='ltr'><strong>Chosroe</strong></span> <span class='ocrx_word' id='word_1_380' title='bbox 1080 3219 1206 3261; x_wconf 89' lang='lat' dir='ltr'><strong>fidem</strong></span> <span class='ocrx_word' id='word_1_381' title='bbox 1236 3219 1506 3274; x_wconf 87' lang='lat' dir='ltr'><strong>acceperint,</strong></span> <span class='ocrx_word' id='word_1_382' title='bbox 1539 3233 1747 3274; x_wconf 89' lang='lat' dir='ltr'><strong>nunquam</strong></span> <span class='ocrx_word' id='word_1_383' title='bbox 1776 3218 1912 3273; x_wconf 88' lang='lat' dir='ltr'><strong>ipsum</strong></span> <span class='ocrx_word' id='word_1_384' title='bbox 1941 3218 2143 3260; x_wconf 85' lang='lat' dir='ltr'><strong>Romanis</strong></span> <span class='ocrx_word' id='word_1_385' title='bbox 2236 3210 2254 3256; x_wconf 61' lang='grc' dir='ltr'><strong>’ἱ</strong></span> 
     </span>
     <span class='ocr_line' id='line_1_40' title="bbox 327 3274 2140 3330; baseline -0.001 -13"><span class='ocrx_word' id='word_1_386' title='bbox 327 3275 466 3317; x_wconf 86' lang='lat' dir='ltr'><strong>Lazos</strong></span> <span class='ocrx_word' id='word_1_387' title='bbox 494 3274 746 3316; x_wconf 84' lang='lat' dir='ltr'><strong>traditurum</strong></span> <span class='ocrx_word' id='word_1_388' title='bbox 775 3275 946 3325; x_wconf 83' lang='lat' dir='ltr'><strong>invitos,</strong></span> <span class='ocrx_word' id='word_1_389' title='bbox 989 3276 1169 3330; x_wconf 81' lang='lat' dir='ltr'><strong>patriam</strong></span> <span class='ocrx_word' id='word_1_390' title='bbox 1197 3282 1410 3330; x_wconf 87' lang='lat' dir='ltr'><strong>repetant,</strong></span> <span class='ocrx_word' id='word_1_391' title='bbox 1438 3275 1646 3318; x_wconf 82' lang='lat' dir='ltr'><strong>succincti</strong></span> <span class='ocrx_word' id='word_1_392' title='bbox 1677 3277 1900 3318; x_wconf 87' lang='lat' dir='ltr'><strong>Persarum</strong></span> <span class='ocrx_word' id='word_1_393' title='bbox 1928 3274 2140 3317; x_wconf 87' lang='lat' dir='ltr'><strong>exercitu.</strong></span> 
     </span>
    </p>

    <p class='ocr_par' dir='ltr' id='par_1_9' title="bbox 330 3330 2141 3503">
     <span class='ocr_line' id='line_1_41' title="bbox 439 3330 2141 3387; baseline -0.001 -15"><span class='ocrx_word' id='word_1_394' title='bbox 439 3330 579 3386; x_wconf 87' lang='lat' dir='ltr'><strong>Igitur</strong></span> <span class='ocrx_word' id='word_1_395' title='bbox 608 3330 681 3372; x_wconf 86' lang='lat' dir='ltr'><strong>ubi</strong></span> <span class='ocrx_word' id='word_1_396' title='bbox 709 3331 771 3373; x_wconf 89' lang='lat' dir='ltr'><strong>illi</strong></span> <span class='ocrx_word' id='word_1_397' title='bbox 798 3338 1083 3387; x_wconf 75' lang='lat' dir='ltr'><strong>pervenerunt</strong></span> <span class='ocrx_word' id='word_1_398' title='bbox 1111 3334 1156 3374; x_wconf 86' lang='lat' dir='ltr'><strong>in</strong></span> <span class='ocrx_word' id='word_1_399' title='bbox 1184 3332 1425 3384; x_wconf 86' lang='lat' dir='ltr'><strong>Persidem,</strong></span> <span class='ocrx_word' id='word_1_400' title='bbox 1470 3332 1574 3374; x_wconf 87' lang='lat' dir='ltr'><strong>clam</strong></span> <span class='ocrx_word' id='word_1_401' title='bbox 1604 3333 1658 3375; x_wconf 86' lang='lat' dir='ltr'><strong>ad</strong></span> <span class='ocrx_word' id='word_1_402' title='bbox 1687 3333 1919 3374; x_wconf 82' lang='lat' dir='ltr'><strong>chosroem</strong></span> <span class='ocrx_word' id='word_1_403' title='bbox 1946 3330 2141 3372; x_wconf 85' lang='lat' dir='ltr'><strong>introdu-</strong></span> 
     </span>
     <span class='ocr_line' id='line_1_42' title="bbox 330 3387 2140 3445; baseline 0 -15"><span class='ocrx_word' id='word_1_404' title='bbox 330 3387 414 3438; x_wconf 91' lang='lat' dir='ltr'><strong>cti,</strong></span> <span class='ocrx_word' id='word_1_405' title='bbox 463 3387 530 3430; x_wconf 82' lang='lat' dir='ltr'><strong>his</strong></span> <span class='ocrx_word' id='word_1_406' title='bbox 557 3388 651 3431; x_wconf 85' lang='lat' dir='ltr'><strong>fere</strong></span> <span class='ocrx_word' id='word_1_407' title='bbox 678 3387 819 3431; x_wconf 83' lang='lat' dir='ltr'><strong>verbis</strong></span> <span class='ocrx_word' id='word_1_408' title='bbox 848 3388 1147 3431; x_wconf 88' lang='lat' dir='ltr'><strong>disseruerunt.</strong></span> <span class='ocrx_word' id='word_1_409' title='bbox 1211 3389 1261 3431; x_wconf 69' lang='lat' dir='ltr'><strong>Si</strong></span> <span class='ocrx_word' id='word_1_410' title='bbox 1288 3402 1390 3443; x_wconf 80' lang='lat' dir='ltr'><strong>quos</strong></span> <span class='ocrx_word' id='word_1_411' title='bbox 1418 3403 1606 3445; x_wconf 77' lang='lat' dir='ltr'><strong>unquam</strong></span> <span class='ocrx_word' id='word_1_412' title='bbox 1634 3404 1805 3432; x_wconf 81' lang='lat' dir='ltr'><strong>suorum</strong></span> <span class='ocrx_word' id='word_1_413' title='bbox 1833 3388 2140 3444; x_wconf 80' lang='lat' dir='ltr'><strong>quodammodo</strong></span> 
     </span>
     <span class='ocr_line' id='line_1_43' title="bbox 330 3445 2140 3503; baseline -0.001 -16"><span class='ocrx_word' id='word_1_414' title='bbox 330 3447 563 3489; x_wconf 81' lang='lat' dir='ltr'><strong>desertores</strong></span> <span class='ocrx_word' id='word_1_415' title='bbox 591 3451 632 3489; x_wconf 84' lang='lat' dir='ltr'><strong>et</strong></span> <span class='ocrx_word' id='word_1_416' title='bbox 661 3447 814 3490; x_wconf 81' lang='lat' dir='ltr'><strong>alienis</strong></span> <span class='ocrx_word' id='word_1_417' title='bbox 838 3448 969 3503; x_wconf 76' lang='lat' dir='ltr'><strong>plane</strong></span> <span class='ocrx_word' id='word_1_418' title='bbox 997 3446 1234 3489; x_wconf 78' lang='lat' dir='ltr'><strong>hominibus</strong></span> <span class='ocrx_word' id='word_1_419' title='bbox 1270 3447 1486 3490; x_wconf 77' lang='lat' dir='ltr'><strong>deditione</strong></span> <span class='ocrx_word' id='word_1_420' title='bbox 1513 3448 1715 3491; x_wconf 77' lang='lat' dir='ltr'><strong>indecora</strong></span> <span class='ocrx_word' id='word_1_421' title='bbox 1744 3446 1964 3500; x_wconf 78' lang='lat' dir='ltr'><strong>addictos,</strong></span> <span class='ocrx_word' id='word_1_422' title='bbox 2020 3445 2140 3488; x_wconf 77' lang='lat' dir='ltr'><strong>beni-</strong></span> 
     </span>
    </p>
   </div>
  </div>
 </body>
</html>
