2254 3814
334 127 452 183 504
1101 126 1432 180 PROCOPII

336 267 423 322 ἅτε
440 265 703 336 Ῥωμαίοις
731 271 912 320 πιστοῦ
937 264 1375 336 διαμεμενηκότος,
1426 268 1507 321 καὶ
1533 265 1602 321 δι’
1631 265 1756 320 αὐτὸ
1781 263 1941 342 μὲνου
1967 269 2018 320 ἐν
2042 273 2153 322 Βυ-

336 354 487 426 ζακίῳ
523 353 876 422 Μαυρουσίων
916 350 1196 422 ἄρχοντος)
1249 352 1349 421 ἤδη
1390 350 1652 420 Σολόμωνι
1687 354 2155 420 ἓκπεπολεμωμὲνος
2227 421 2235 428 ἱ

329 436 621 507 ἐτύγχανεν,
673 435 749 489 ὅτι
790 457 843 489 τε
879 437 973 499 τὰς
1014 435 1259 506 σιτήσεις,
1305 435 1387 500 αἷς
1422 437 1576 491 αὐτὸν
1600 437 1838 504 βασιλεὺς
1862 435 2148 506 ε’τετιμήκει,

263 530 303 571 D
334 520 578 588 Σολόμων
613 520 844 592 ἀφείλετο
880 524 962 574 καὶ
996 522 1086 576 τὸν
1126 522 1346 592 ἀδελφὸν
1374 522 1461 575 τὸν
1496 523 1652 575 αὐτοῦ
1675 522 1851 575 ἔκτεινε
1863 563 1879 587 ,
1925 524 2153 592 ταραχὴν

332 606 490 659 αὐτοῦ
522 627 636 659 τινα
661 607 712 667 ἐς
736 607 1063 675 ,Βυζακηνούς
1088 608 1350 677 γινομένην
1375 605 1660 677 ἐπενεγκών.
1747 605 1861 660 τότε
1886 612 2005 675 γοῦν
2034 604 2191 660 τού-5

330 712 451 752 τους
487 688 729 753 Ἀντάλας
775 691 896 752 τοὺς
929 691 1228 763 βαρβάρους
1277 689 1495 759 ἄσμενός
1534 713 1587 745 τε
1626 689 1722 744 εἶδε
1759 694 1842 744 καὶ
1879 690 2152 759 ὁμαιχμίαν

154 784 191 824 V
220 786 303 828 422
330 774 669 844 ποιησάμενος
706 778 787 827 ἐπὶ
823 774 1108 844 Σολόμωνά
1142 799 1196 830 τε
1233 780 1316 830 καὶ
1348 774 1661 848 Καρχηδόνα
1698 777 1870 847 σφίσιν
1907 775 2149 846 ἡγήσατο.
2216 819 2221 822 -

328 858 576 922 Σολόμων
618 862 706 926 δὲ,
751 862 853 914 ἐπεὶ
893 868 1057 914 ταῦτα
1093 862 1304 930 ἤκουσε,
1351 865 1503 915 παντὶ
1539 867 1611 934 τῷ
1648 866 1851 934 στρατῷ
1893 861 2022 930 ἄρας
2062 861 2148 914 ἐπ’

329 946 516 1007 αὐτοὺς
557 944 661 1016 ᾔει,
709 947 791 998 καὶ
831 947 1136 1014 καταλαβών
1179 947 1309 1018 ἀμφὶ
1347 944 1491 1000 πόλιν
1533 947 1822 1015 Τεβέστην,
1865 943 1921 1009 (ἐξ
1951 944 2152 1016 ἡμερῶν

328 1030 434 1102 ὁδῷ
467 1029 803 1100 Καρχηδόνος
838 1032 1130 1100 διέχουσαν,
1179 1029 1672 1101 ἐστρατοπεδεύσατο
1711 1029 1863 1092 αὐτός
1900 1053 1953 1084 τε
1996 1034 2080 1083 καὶ
2104 1032 2220 1084 οἶ10

327 1114 535 1183 Βάκχου
558 1121 650 1168 τοῦ
676 1116 898 1185 ἀδελφοῦ
925 1120 1118 1182 παῖδες,
1164 1114 1340 1186 Κῦρός
1365 1138 1418 1169 τε
1448 1118 1530 1169 καὶ
1556 1117 1762 1184 Σέργιος
1792 1118 1875 1168 καὶ
1903 1114 2150 1183 Σολόμων

326 1198 353 1253 ὃ
391 1199 655 1262 νεώτατος.
745 1202 914 1261 δείσας
940 1222 994 1253 τε
1019 1201 1078 1253 τὸ
1104 1206 1206 1253 τῶν
1236 1198 1518 1271 βαρβάρων
1547 1205 1749 1267 πλῆθος
1786 1199 1976 1267 ἔπεμψε
2009 1202 2150 1271 παρὰ

322 1291 426 1338 τῶν
450 1288 718 1338 Λευαθῶν
751 1284 871 1345 τούς
898 1284 1178 1354 ἄρχοντας,
1224 1283 1549 1356 μεμφόμενος
1573 1286 1664 1352 μὲν
1691 1283 1768 1338 ὅτι
1798 1285 1862 1352 δὴ
1890 1285 2151 1339 ἔνσπονδοι

320 1367 580 1436 Ῥωμαίων
619 1367 759 1429 ὄντες
790 1366 895 1421 εἶτα
932 1370 983 1422 ἐν
1011 1367 1184 1431 ὅπλοις
1210 1367 1461 1438 γενόμενοι
1488 1369 1573 1422 ἐπ’
1606 1369 1793 1432 αὗτοῦς
1821 1369 2017 1438 ἥκουσι,
2057 1371 2150 1439 τὴν

323 1455 380 1507 δὲ
406 1451 606 1524 εῗρήνην
629 1454 781 1516 ἀξιῶν
805 1453 856 1506 ἔν
883 1456 1024 1524 σφίσι
1048 1452 1403 1524 κρατύνασθαι
1419 1496 1435 1520 ,
1483 1453 1666 1524 ὅρκους
1685 1474 1737 1508 τε
1765 1454 2004 1522 ὀμεῖσθαι
2029 1456 2150 1519 τούς
2165 1467 2218 1511 15

145 1545 181 1589 I'
211 1546 295 1590 289
322 1537 644 1599 δεινοτάτους
676 1535 919 1607 ὑπέσχετο
934 1580 951 1604 ,
997 1534 1031 1607 ἦ
1055 1539 1156 1607 μὴν
1187 1542 1440 1614 ἀμνηστία
1463 1545 1566 1593 τῶν
1591 1540 1950 1609 πεπραγμένων
1980 1542 2031 1603 ἐς
2052 1542 2148 1594 αὗ-

321 1625 444 1686 τούς
474 1621 793 1692 χρήσασθαι.
876 1623 1203 1692 χλευάζοντες
1232 1626 1285 1678 δέ
1312 1625 1377 1678 τὰ
1403 1625 1638 1695 εἰρημένα
1666 1625 1713 1678 οἱ
1736 1622 1995 1695 βάρβαροι
2018 1624 2147 1678 πάν-

320 1730 422 1772 τως
457 1709 614 1762 αὗτόν
654 1708 893 1776 ὀμεῖσθαι
926 1710 993 1762 τὰ
1021 1714 1348 1779 Χριστιανῶν
1377 1708 1522 1779 λόγια
1545 1709 1768 1781 ἔφασαν,
1817 1710 1944 1781 ἅπερ
1980 1717 2146 1765 καλεΐν

322 1794 580 1865 εὐαγγέλια
608 1796 938 1861 νενομίκασιν.
998 1794 1182 1848 οὐκοῦν
1204 1795 1371 1863 ἐπειδὴ
1400 1797 1606 1865 Σέργιος
1630 1801 1794 1849 ταῦτα
1821 1794 2014 1862 ὀμόσας
2038 1795 2146 1849 εἶτα

320 1880 443 1941 τοὺς
463 1876 832 1940 πιστεύσαντας
858 1879 1035 1932 ἔκτεινε
1048 1921 1065 1945 ,
1111 1881 1440 1948 βουλομένοις
1465 1883 1637 1950 σφίσιν
1662 1880 1835 1942 αὐτοῖς
1861 1881 1934 1948 εἴη
1965 1882 2017 1942 ἐς
2040 1880 2217 1949 μοί-20

317 1987 416 2034 χην
449 1966 581 2017 ῗοῦσι
621 1961 816 2017 τούτων
849 1964 912 2033 ‹52³-
950 1970 1052 2018 τιῦν
1091 1967 1272 2034 λογίων
1303 1962 1751 2034 ἀποπειράσασθαι
1767 2005 1785 2031 ,
1831 1962 2011 2018 ὁποίαν
2031 1967 2146 2019 τινὰ

321 2049 449 2121 πρὸς
490 2047 612 2110 τοὺς
648 2046 912 2120 ἐπιόρκους
944 2047 1157 2118 δύναμιν
1196 2049 1422 2120 ἔχουσιν,
1472 2049 1609 2112 ὅπως
1635 2049 1809 2112 αὐτοῖς
1832 2049 2145 2118 βεβαιότατα

430 2229 475 2330 31.
493 2223 650 2345 ῥιᾷνὸυ
681 2225 716 2268 Ρ
747 2230 790 2270 et
818 2227 1013 2271 Grotius.
1068 2224 1214 2285 μόνον
1243 2228 1375 2275 AHL.
1510 2229 1581 2276 13.
1610 2228 1870 2285 Λευαθῶν]
1899 2229 2144 2287 Legebatur

474 2297 493 2326 ε
527 2299 584 2329 αν
624 2298 702 2328 ων.

320 2453 662 2512 quemadmodum
692 2467 821 2510 supra
849 2453 1004 2507 retuli,
1034 2454 1078 2498 id
1107 2459 1361 2499 consecutus
1389 2460 1508 2510 erat,
1537 2460 1586 2499 ut
1613 2457 1727 2501 solus
1757 2456 1922 2500 Mauris
1950 2459 2144 2516 Byzace-

320 2514 386 2554 nis
414 2517 652 2568 praeesset,
680 2510 922 2553 inimicitias
952 2526 1042 2554 cum
1073 2513 1298 2557 Salomone
1325 2521 1595 2571 susceperat,
1625 2515 1740 2571 quod
1770 2529 1990 2567 annonam,
2023 2531 2144 2572 quam

318 2569 556 2625 Imperator
595 2567 678 2624 ipsi
721 2569 1037 2632 assignaverat,
1085 2571 1281 2612 Salomon
1317 2571 1662 2623 intervertisset,
1710 2571 1969 2629 fratremque
2006 2572 2141 2627 ipsius

318 2631 456 2667 morte
485 2625 756 2674 mulctasset,
788 2625 1058 2679 criminatus,
1089 2634 1304 2671 auctorem
1334 2643 1426 2671 eum
1459 2628 1591 2670 fuisse
1617 2627 1835 2671 cuiusdam
1863 2635 2001 2671 motus
2027 2631 2141 2673 inter

316 2683 569 2738 Byzacenos
610 2681 780 2724 conciti.
840 2682 921 2724 His
951 2684 1005 2725 de
1045 2686 1183 2726 causis
1210 2685 1373 2728 lubenti
1403 2686 1578 2727 Antalas
1618 2685 1754 2728 animo
1787 2686 1894 2728 istos
1923 2687 2141 2729 Barbaros

317 2738 361 2780 in
392 2742 664 2794 conspectum
695 2738 877 2789 admisit,
908 2739 1100 2797 initaque
1123 2741 1345 2794 societate,
1376 2747 1526 2784 contra
1549 2742 1811 2785 Salomonem
1838 2749 1882 2786 et
1907 2742 2142 2798 Carthagi-

317 2808 411 2837 nem
451 2795 587 2837 duxit.
661 2795 759 2846 Qua
801 2797 855 2838 de
883 2811 931 2839 re
963 2798 1102 2840 factus
1145 2799 1306 2842 certior
1345 2799 1567 2851 Salomon,
1620 2799 1664 2841 in
1695 2813 1767 2841 eos
1807 2799 1952 2857 copias
1991 2799 2139 2842 eduxit

317 2864 474 2903 omnes,
509 2855 743 2907 nactusque
773 2851 888 2908 ipsos
918 2853 971 2895 ad
1005 2857 1150 2897 urbem
1172 2856 1422 2908 Tebestam,
1450 2870 1560 2912 quae
1588 2855 1849 2912 Carthagine
1877 2857 2039 2898 dierum
2063 2871 2139 2899 sex

313 2908 399 2950 iter
428 2909 576 2959 abest,
619 2908 679 2950 ibi
708 2923 804 2951 cum
833 2910 991 2953 Bacchi
1018 2912 1166 2954 fratris
1204 2913 1272 2955 sui
1300 2913 1401 2955 filiis
1430 2914 1574 2969 Cyre,
1613 2913 1795 2969 Sergio,
1835 2928 1886 2955 ac
1912 2914 2139 2956 Salomone

317 2969 419 3008 natu
450 2964 615 3007 minimo
646 2971 826 3009 metatus
856 2973 935 3009 est.
998 2968 1281 3012 Barbarorum
1311 2984 1482 3012 numero
1512 2969 1711 3020 territus,
1745 2970 1859 3012 misit
1886 2970 1938 3011 ad
1970 2969 2139 3011 Leban-

315 3023 481 3064 tharum
511 3022 656 3074 duces,
701 3027 745 3064 et
774 3036 865 3065 cum
895 3024 982 3067 illis
1010 3027 1309 3082 expostulavit,
1340 3026 1451 3083 quod
1481 3041 1597 3069 arma
1621 3027 1667 3069 in
1697 3027 1906 3069 Romanos
1934 3026 2013 3068 sibi
2045 3028 2138 3069 foe-

317 3078 419 3121 dere
448 3079 692 3120 coniunctos
726 3087 970 3132 moverent;
1013 3097 1158 3137 pacem
1187 3084 1333 3140 potius
1362 3083 1608 3126 firmandam
1635 3096 1756 3134 esse3
1789 3083 1947 3125 offerre
1976 3097 2022 3124 se
2049 3083 2137 3125 ius-

314 3135 536 3178 iurandum
567 3134 888 3184 sanctissimum,
923 3152 1005 3192 quo
1035 3138 1162 3181 fidem
1190 3141 1370 3192 faceret,
1399 3139 1606 3196 quidquid
1637 3144 1893 3196 patrassent,
1922 3141 2136 3183 oblivione

314 3193 498 3235 deletum
521 3192 588 3234 iri.
646 3191 828 3234 Barbari
856 3192 943 3235 risu
974 3195 1237 3250 excipientes
1266 3197 1396 3248 dicta,
1426 3196 1696 3253 respondent,
1722 3195 1858 3253 ipsum
1882 3198 2031 3252 utique
2059 3210 2137 3252 per

315 3263 460 3292 sacras
488 3248 721 3291 iuraturum
763 3249 912 3291 literas
952 3251 1314 3305 Christianorum,
1366 3267 1474 3309 quas
1518 3252 1740 3307 evangelia
1780 3268 1936 3296 vocare
1974 3255 2132 3296 solent:

315 3320 446 3362 porro
478 3306 587 3348 velle
617 3320 679 3356 se,
721 3312 943 3361 postquam
972 3308 1044 3349 illa
1073 3308 1254 3363 Sergius
1282 3311 1517 3352 iuramento
1548 3309 1826 3361 adhibuisset,
1867 3318 1912 3352 et
1945 3325 2031 3361 eos,
2061 3310 2133 3366 qui

316 3363 400 3418 ipsi
430 3362 729 3415 credidissent,
761 3370 967 3414 necasset,
997 3364 1106 3407 velle
1135 3380 1195 3416 se,
1227 3367 1409 3421 inquam,
1440 3366 1602 3422 praelio
1633 3368 1818 3423 experiri
1849 3382 1971 3422 quam
2001 3369 2133 3409 habe-

318 3426 414 3463 rent
442 3419 527 3463 vim
561 3419 707 3463 divina
750 3419 823 3463 illa
853 3421 1028 3464 oracula
1055 3423 1101 3464 in
1132 3422 1348 3479 periuros;
1401 3431 1448 3466 ut
1478 3438 1570 3466 cum
1598 3423 1683 3467 fide
1712 3424 1946 3467 certissima
1973 3424 2028 3467 ad
2057 3438 2134 3481 pa-
