2254 3814
452 139 463 150 ’
543 179 638 231 DE
679 178 910 231 BELLO
953 175 1347 231 VANDALICO
1390 175 1432 229 1.
1482 175 1575 230 12.
1851 173 1972 230 363

143 320 236 388 τὴν
272 324 401 373 ναῦν
430 321 760 386 εῗσεβήθασεν.
847 318 983 373 οὕτω
1017 319 1189 372 τοίνυν
1223 316 1253 372 ὅ
1283 340 1335 373 τε
1362 315 1649 388 στρατηγὸς
1673 311 1977 385 Βελισᾶριος

141 409 226 459 καὶ
254 405 531 460 >iamim
567 402 598 473 ἦ
637 403 762 474 γυνὴ
803 402 995 458 ἔπλεον.
1083 408 1235 472 ξυνῆν
1262 406 1318 459 δὲ
1342 404 1514 467 αὐτοῖς
1547 403 1631 456 καὶ
1659 399 1972 472 Προκόπιος,

144 489 202 553 ὃς
235 488 359 544 τάδε
393 491 704 559 ξυνέγραψε,
750 487 999 560 πρότερον
1036 491 1129 557 μὲν
1162 492 1246 543 καὶ
1281 489 1422 556 μάλα
1455 485 1856 560 κατορρωδήσας
1885 487 1975 540 τὸν
2001 501 2040 544 Β

142 578 402 641 κίνδυνον,
450 574 574 642 ὄψιν
609 576 665 627 δὲ
700 568 896 645 ὀνεῖρου
932 574 1055 628 ἴδιὸν
1088 574 1332 645 ὕστερον,
1379 574 1412 645 ἢ
1451 575 1608 630 αῧτόν
1631 575 1906 644 θαρσῆσαί
1925 595 1979 627 τε

102 662 346 729 5ἒποίησε
371 662 455 713 καὶ
479 661 532 722 ἒς
551 660 612 713 τὸ
638 659 1014 729 στρατεύεσθαι
1039 659 1290 731 ὥρμησεν.
1382 658 1539 714 ἐδόκει
1560 660 1656 731 γὰρ
1680 661 1730 712 ἔν
1754 665 1826 732 τῷ
1852 659 1981 713 ὀνεί-

144 767 220 818 ρῳ
243 743 370 799 εἶναι
396 747 491 813 μὲν
516 746 567 798 ἓν
594 751 658 817 τῇ
688 748 993 816 Βελισαριόυ
1019 748 1151 820 οἰκίᾳ
1165 787 1181 811 ,
1218 744 1518 800 εἰσελθόντα
1548 748 1603 799 δὲ
1631 746 1849 815 ἀγγεῖλαι
1875 750 1979 799 τῶν

142 831 350 885 οἰκετῶν
377 831 465 885 ἕνα
494 828 563 892 ὥς
587 830 755 899 ἥκοιέν
789 853 916 894 τινες
944 834 1088 902 δῶρα
1114 832 1383 902 φέροντες·
1419 834 1499 885 καὶ
1525 830 1828 901 Βελισάριον
1865 834 1980 884 δια-

142 922 450 971 σκοπεῖσθαι
476 915 688 970 κελεύειν
709 917 868 971 αὕτὸν
898 915 1050 970 ὃποΐά
1076 939 1198 970 ποτε
1223 917 1296 986 εἴη
1323 917 1390 971 τοὶ
1420 920 1596 987 δῶρα,
1636 920 1719 970 καὶ
1745 917 1902 971 αὐτὸν
1928 918 1979 970 ἐν

141 1008 207 1074 τῇ
227 1000 467 1075 μεταύλῳ
492 1001 758 1072 γενόμενον
782 1003 976 1073 ἄνδρας
1000 1005 1140 1067 ἰδεῖν,
1188 1004 1246 1056 οἳ
1265 1002 1446 1074 ἔφερον
1477 1004 1555 1055 ἐπὶ
1577 1008 1680 1056 τῶν
1712 1002 1865 1071 ὤμων
1889 1009 1984 1072 γῆν

76 1088 319 1151 ίοαύτοῖς
360 1088 560 1143 ἄνθεσι.
647 1086 866 1152 τούτους
909 1090 965 1142 δὲ
1006 1090 1058 1151 ἐς
1082 1088 1174 1158 τὴν
1200 1091 1362 1142 οῗκιάν
1392 1085 1728 1158 εἴσαγαγόντα
1751 1093 1984 1142 κελεῦσαι

141 1179 445 1228 καταθεῖναι
468 1175 520 1228 ἓν
546 1180 619 1248 τῷ
645 1173 896 1249 προστώῳ
921 1173 982 1243 ἣν
1007 1173 1188 1247 ἔφερον
1213 1180 1308 1244 γῆν
1326 1192 1338 1205 ·
1376 1168 1436 1229 οὗ
1463 1174 1525 1243 δὴ
1545 1171 1847 1245 Βελισάριον
1873 1172 1982 1242 ἅμα

140 1269 252 1323 τοῖς
278 1256 591 1331 δορυφόροις
613 1250 821 1330 ἥκοντα,
870 1259 1027 1315 αὐτόν
1052 1282 1105 1314 τε
1134 1263 1533 1315 κατακλίνεσθαι
1563 1262 1615 1313 ἒν
1641 1266 1704 1332 τῇ
1729 1266 1793 1332 γῇ
1822 1262 1980 1332 ἐκείνῃ
2011 1279 2047 1321 c

142 1348 229 1399 καὶ
258 1346 327 1400 τὰ
365 1346 505 1415 ἄνθη
535 1347 752 1414 ἐσθίειν,
800 1356 909 1409 τοῖς
931 1368 985 1401 τε
1013 1346 1188 1409 ἄλλοις
1222 1346 1348 1400 αὐτὸ
1384 1348 1448 1415 δὴ
1477 1352 1631 1400 τοῦτο
1665 1356 1823 1400 ποιεῖν
1846 1349 1983 1417 ε’γκε-

143 1430 386 1486 λεύεσθαι
398 1473 416 1498 ,
462 1434 905 1502 κατακλινομὲνοις
927 1455 980 1486 τε
1004 1435 1149 1505 σφίσι
1174 1435 1257 1486 καὶ
1285 1435 1550 1487 ἐσθίουσιν
1577 1433 1746 1504 ὥσπερ
1769 1434 1846 1486 ἐπὶ
1873 1453 1985 1486 στι-

76 1527 131 1573 15
142 1515 308 1585 βάδος
333 1516 510 1586 ἦδεῒαν
533 1521 718 1587 κομιδῆ
743 1519 835 1588 τὴν
862 1524 1060 1590 βρῶσιν
1089 1525 1329 1591 φανῆναι.
1394 1520 1461 1573 τὰ
1489 1520 1582 1589 μὲν
1607 1519 1670 1588 δὴ
1697 1525 1789 1588 τῆς
1815 1518 1987 1590 ὅψεως

77 1605 85 1612 ’
139 1609 235 1657 τοῦ
262 1604 459 1674 ὀνείρου
481 1602 644 1676 ταύτῃ
668 1627 739 1674 πη
762 1605 918 1674 ἴσχεν.

303 1687 367 1744 ‘0
401 1691 457 1743 δὲ
490 1688 695 1757 ξύμπας
719 1689 903 1752 στόλος
926 1696 991 1762 τῇ
1019 1691 1317 1760 στρατηγίδι
1342 1693 1424 1761 νηὶ
1450 1692 1613 1744 εἵπετο
1628 1731 1643 1755 ,
1690 1692 1774 1743 καὶ
1799 1690 1989 1762 προσέ-

144 1795 235 1845 σχε
255 1777 535 1849 Περίνθῳ,
579 1775 614 1845 ἢ
638 1782 728 1829 νῦν
747 1774 1022 1846 Ἡράκλεια
1060 1777 1366 1830 ἐπικαλεῖται
1383 1818 1399 1842 ,
1448 1777 1580 1830 ἔνθα
1605 1776 1670 1845 δὴ
1695 1776 1839 1830 πέντε
1866 1774 1991 1844 ἦμε-

144 1867 252 1933 ριῦν
290 1859 478 1931 χρόνος
517 1867 581 1934 τῇ
618 1868 837 1937 στρατιᾷ
874 1863 1079 1932 ἔτρίβη,
1127 1864 1230 1916 ἐπεὶ
1265 1863 1510 1931 βασιλεὺς
1531 1864 1707 1924 ἵπποις
1732 1861 1810 1916 ὅτι
1833 1860 1992 1930 μάλι-

70 1956 248 2002 mota
270 1949 525 2010 πλείστοις
546 1947 635 2001 τὸν
659 1948 945 2018 στρατηγὸν
976 1950 1207 2002 ἐνταῦθα
1234 1949 1471 2018 ἐδωρεῖτο
1500 1949 1554 2000 ἐκ
1580 1953 1683 2001 τῶν
1707 1953 1991 2015 βασιλικῶν

147 2034 534 2105 ἱπποφορβίων,
580 2033 614 2087 ἅ
645 2035 692 2087 οἶ
718 2034 955 2103 νέμονται
984 2035 1035 2097 ἐς
1061 2035 1127 2088 τὰ
1152 2036 1233 2087 ἐπὶ
1263 2033 1474 2109 Θρᾴκης
1499 2035 1677 2104 χωρία.
1770 2032 1894 2087 ὅθεν
1927 2035 1990 2103 δὴ
2021 2051 2061 2093 D

148 2117 438 2191 ἀπάραντες
460 2117 664 2195 Ἀβύδῳ
702 2121 1130 2193 προσωρμίσαντο
1145 2162 1162 2187 ,
1207 2123 1292 2174 καὶ
1325 2122 1470 2192 σφίσι
1500 2120 1733 2184 ξυνέπεσε
1759 2123 1880 2193 τῇδε
1905 2121 1994 2175 διὰ

262 2270 305 2314 3.
346 2267 600 2371 §asinaeve
627 2269 678 2313 L.
734 2268 1019 2328 ξυνέγραψεν
1047 2271 1099 2315 Ρ.
1274 2271 1345 2316 17.
1382 2268 1631 2329 προσέσχε]
1662 2269 1909 2330 προσέσχεν
1938 2273 1990 2316 Ρ.

260 2341 498 2384 προσεχειν
564 2360 577 2373 .

148 2473 307 2512 sortem
336 2469 494 2512 sactum
524 2469 705 2512 nominis
735 2468 999 2521 Christiani,
1052 2468 1095 2511 in
1126 2483 1273 2512 navem
1313 2468 1499 2512 immisit.
1557 2469 1668 2513 Tum
1698 2470 1864 2514 demum
1894 2470 1994 2514 vela

150 2527 260 2570 fecit
292 2525 526 2570 Belisarius
554 2541 649 2570 cum
680 2527 894 2570 Antonina
925 2540 1058 2569 uxore
1088 2540 1180 2578 sun,
1225 2533 1358 2583 atque
1386 2526 1594 2569 historiae
1621 2529 1837 2584 scriptore
1865 2528 1992 2571 huius

148 2585 291 2627 Prooo
322 2583 381 2636 io,
411 2583 486 2642 qui
512 2597 616 2628 sane
645 2584 747 2627 belli
775 2584 902 2627 istius
933 2584 1124 2641 pericula
1155 2584 1364 2641 principio
1394 2584 1728 2638 reformidabat3
1764 2586 1841 2628 sed
1871 2587 1994 2628 obla·-

149 2647 240 2684 tum
268 2641 331 2684 ili
362 2648 514 2699 postea
541 2642 744 2686 somnium
771 2641 969 2684 fiduciam
999 2641 1181 2694 addidit,
1218 2656 1397 2698 eumque
1428 2641 1620 2698 perpulit
1647 2643 1701 2685 ad
1732 2645 1992 2700 sequendam

150 2698 480 2756 expeditionem.
538 2699 651 2743 Nam
681 2701 723 2742 in
753 2700 908 2743 somnis
937 2698 1020 2741 sibi
1051 2713 1145 2743 esse
1175 2699 1405 2742 videbatur
1435 2699 1477 2742 in
1507 2700 1629 2742 domo
1655 2700 1869 2754 Belisarii,
1899 2715 1992 2744 oum

151 2770 254 2800 ecee
283 2756 500 2813 ingressus
538 2757 744 2810 famulus,
793 2757 998 2813 quosdam
1029 2772 1121 2800 cum
1160 2758 1405 2800 muneribus
1435 2757 1587 2800 adesse
1615 2759 1855 2801 renuntiat:
1905 2765 1992 2802 tum

149 2814 236 2857 sibi
262 2813 382 2857 visus
411 2828 438 2857 a
465 2813 676 2858 Belisario
703 2815 944 2857 mandatum
972 2815 1171 2872 accipere
1200 2828 1405 2871 quaenam
1441 2814 1515 2857 illa
1544 2822 1688 2859 essent
1715 2816 1992 2873 inspiciendi:

151 2870 227 2914 ubi
255 2871 444 2924 ianuam,
475 2886 557 2929 qua
587 2871 642 2915 ad
671 2870 918 2914 interiorem
949 2871 1088 2915 aulam
1119 2887 1143 2915 a
1173 2873 1311 2929 prima
1342 2878 1411 2915 est
1439 2873 1599 2927 aditus,
1640 2874 1803 2931 attigit,
1834 2874 1995 2917 vidisse

151 2929 344 2972 homines
370 2935 528 2972 terram
556 2927 736 2972 floribus
764 2929 960 2973 vestitam
993 2930 1174 2973 humeris
1203 2930 1465 2986 deserentes,
1497 2929 1637 2987 iisque
1667 2931 1830 2975 domum
1860 2930 1998 2974 intro-

152 2985 296 3029 ductis
322 2999 480 3043 praece
513 2987 616 3038 isse,
645 2993 694 3029 ut
721 2987 764 3029 in
797 2986 989 3044 porticus
1018 2987 1231 3031 vestibulo
1262 2994 1435 3041 terram,
1471 3002 1594 3044 quam
1625 2991 1884 3046 portabant,
1921 2990 1997 3031 de-

152 3050 386 3099 ponerent:
414 3043 478 3087 Be
495 3043 649 3087 isarius
667 3044 823 3087 deinde
850 3058 941 3087 cum
964 3044 1245 3102 stipatoribus
1276 3045 1426 3102 egredi
1449 3045 1568 3088 visus
1598 3053 1681 3099 est,
1712 3052 1842 3104 atque
1871 3047 1915 3088 in
1946 3060 1998 3088 ea

153 3109 277 3143 tem
299 3102 570 3151 recumbere.
610 3108 656 3144 et
684 3102 815 3146 flores
845 3102 1122 3146 manducaret
1165 3117 1260 3146 mox
1290 3102 1396 3146 alios
1425 3116 1624 3160 quoque,
1656 3103 1766 3147 idem
1799 3109 1849 3146 ut
1879 3106 1999 3146 sace-

156 3162 270 3208 reut,
297 3156 486 3210 hortari3
515 3158 579 3202 illi
607 3173 710 3203 vero
742 3159 865 3214 quasi
896 3174 1027 3217 super
1056 3165 1152 3204 toro
1184 3160 1497 3204 discumbentes
1526 3168 1658 3217 atque
1682 3161 1873 3213 edentes,
1905 3160 2000 3203 dul-

157 3211 316 3257 tissimi
342 3215 511 3272 saporis
539 3215 706 3259 laudem
737 3218 834 3260 cibo
864 3219 1070 3262 tribuere.
1130 3217 1383 3263 Huiusmodi
1412 3217 1495 3261 fuit
1523 3218 1673 3262 somnii
1702 3219 1879 3276 species.

273 3269 502 3316 Caeterum
530 3287 680 3317 navem
711 3274 979 3318 Praetoriam
1009 3275 1271 3332 sequebatur
1300 3275 1449 3320 classis
1476 3277 1692 3328 universa,
1722 3290 1807 3332 qua
1838 3274 1893 3317 ad
1923 3288 1997 3317 ur-

157 3327 251 3370 bem
279 3326 527 3373 Perinthum
556 3331 833 3384 (Heracleam
859 3332 985 3375 hodie
1007 3335 1185 3388 vocant)
1216 3334 1414 3391 appulsa,
1441 3333 1532 3377 dies
1562 3333 1622 3376 ibi
1653 3333 1840 3390 quinque
1870 3346 1999 3374 exer-

157 3385 270 3427 eitus
299 3383 459 3429 idcireo
489 3386 702 3443 substitit,
746 3390 850 3447 quia
879 3389 1091 3446 Magistro
1121 3390 1298 3435 militum
1327 3394 1545 3447 Augustus
1575 3404 1707 3447 equos
1736 3402 1858 3445 quam
1894 3388 1999 3431 luri-

157 3454 249 3484 mos
270 3439 381 3484 douo
403 3441 538 3496 dedit,
568 3457 621 3487 ex
650 3444 944 3502 imperatoriis
965 3447 1154 3491 delectos
1178 3448 1370 3506 equitiis,
1398 3462 1508 3504 quae
1529 3453 1763 3506 pascuntur
1787 3445 1830 3488 in
1886 3445 1998 3489 'hra-

159 3497 241 3543 cia.
298 3500 406 3543 Cum
434 3498 535 3543 iude
560 3500 815 3556 solvissent,
847 3504 997 3561 Abydo
1027 3506 1204 3551 classem
1234 3506 1553 3564 applicuerunt:
1589 3503 1662 3549 ubi
1692 3502 1785 3547 dies
1814 3509 1999 3561 quatuor
