2184 3822
210 206 306 270 785*
844 193 847 194 *
915 210 1246 265 PRocoPn

210 355 269 407 δὲ
292 353 385 423 τὴν
406 348 592 424 ε’φοδον
609 350 955 421 πεποιημένοι,
1002 349 1162 414 εὐθὺς
1197 349 1284 405 ’ἐπ’
1316 350 1456 406 οἷ’κου
1481 351 1851 421 ἀπεκομίζοντο.
1939 355 2026 406 καὶ

204 437 465 506 Ῥωμαίων
492 438 615 499 ἴσως
650 434 936 504 ἐντυχόντες
963 441 1167 510 στρατῷ
1190 434 1422 506 ἡσσῶντο
1462 439 1555 506 μὲν
1582 444 1646 509 τῇ
1672 435 1813 508 μάχῃ
1822 477 1840 503 ,
1888 433 2025 490 ‹2216-

209 544 349 590 σιμοι
372 524 427 576 δὲ
461 519 782 575 παντάπασιν
809 520 902 574 οὐκ
940 522 1159 588 ἐγίνοντο
1176 523 1377 593 χωρίων
1401 521 1551 591 ἲσχύΐ.
1635 520 1777 593 μάχῃ
1804 523 1974 575 τοίνυν
1995 520 2023 575 ὃ

214 610 402 669 Σίττας
417 606 601 668 αὐτοὺς
617 606 715 677 πρὸ
734 608 884 659 τοῦδε
906 611 999 659 τοῦ
1026 606 1246 674 πολέμου
1272 605 1499 675 νικήσας,
1530 605 1764 677 ἐπαγωγά
1788 628 1842 660 τε
1862 606 2026 659 πολλὰ

146 704 185 747 Β
215 696 284 755 εἷς
305 690 493 752 αὐτοὺς
515 689 664 744 εἲπών
687 711 740 744 τε
766 692 850 744 καὶ
871 688 1087 762 πράξας,
1128 689 1582 762 προσποιήσασθαι
1603 694 1860 754 παντελῶς
1882 692 2070 759 {bxv-5

35 790 75 833 V
102 790 187 835 253
217 797 289 831 σε.
378 772 470 843 τήν
499 797 554 828 τε
579 775 676 846 γὰρ
711 777 909 829 δίαιταν
934 777 1015 829 ἐπὶ
1036 776 1096 830 τὸ
1121 773 1440 846 ἡμερώτερον
1462 773 1838 844 μεταβαλόντες
1861 778 1912 838 ἒς
1934 797 2030 830 κα-

210 857 459 930 ταλόγους
488 859 676 923 αὐτοὺς
704 858 1014 929 Ῥωμαϊκοῦς
1052 858 1406 932 ἐπεγράψαντο
1442 862 1526 913 καὶ
1551 861 1609 914 τὸ
1644 861 1820 914 λοιπὸν
1841 861 1929 923 ξὺν
1954 865 2029 933 τῷ

211 946 351 1018 ἄλλῳ
370 943 631 1014 Ῥωμαίων
654 951 858 1019 στρατῷ
883 947 962 998 ἐπὶ
983 945 1104 1007 τοὺς
1127 947 1398 1013 πολεμιόυς
1418 946 1591 1008 ἐξίασι.
1675 946 1770 1014 τὴν
1792 946 1847 997 δὲ
1874 942 2030 1007 δόξαν

53 1040 98 1083 Η
123 1039 181 1086 25
212 1033 291 1084 ἐπὶ
314 1030 373 1084 τὸ
397 1030 750 1102 εὐσεβέστερον
774 1030 1047 1099 μετέθεντο
1061 1072 1078 1097 ,
1125 1029 1343 1092 ἅπαντες
1370 1031 1671 1100 Χριστιανοὶ
1699 1030 2028 1100 γεγενημένοι.

208 1116 275 1170 τὰ
295 1116 389 1184 μὲν
418 1110 508 1170 οὗν
533 1115 666 1186 ἀμφὶ
699 1125 808 1178 τοῖς
835 1119 1052 1182 Τζανοῖς
1076 1112 1239 1187 ταύτῃ
1263 1137 1332 1183 πη
1357 1114 1514 1182 ἴσχεν.
2044 1129 2101 1172 10

373 1197 679 1272 ‘Ynaepssoivu
715 1201 772 1254 δὲ
806 1201 874 1254 τὰ
909 1201 1079 1254 αὐτῶν
1120 1198 1234 1270 ὅρια
1275 1196 1477 1270 φάραγξ
1511 1199 1617 1252 ἐστὶ
1649 1194 1842 1266 βαθεῖά
1868 1220 1922 1253 τε
1947 1201 2031 1252 καὶ

210 1286 325 1340 λίαν
349 1283 651 1357 κρημνώδης
674 1286 820 1357 μέχρι
853 1287 906 1348 ἐς
931 1285 996 1339 τὰ
1027 1282 1301 1339 Καυκάσια
1332 1283 1426 1353 ὅρη
1453 1281 1714 1352 διήκουσα.
1800 1285 2031 1338 ἐνταῦθα

208 1373 372 1442 χωρία
417 1392 471 1424 τε
507 1367 895 1441 πολυάνθρωπά
933 1371 1039 1423 ἐστι
1086 1370 1172 1421 καὶ
1208 1365 1430 1436 ἄμπελός
1463 1389 1517 1422 τε
1555 1371 1640 1421 καὶ
1677 1369 1804 1438 ἄλλη
1852 1366 2030 1439 ὀπώρα

210 1459 432 1526 διαρκοῦς
467 1452 663 1525 φύεται.
753 1457 837 1508 καὶ
877 1454 1024 1523 μέχρι
1044 1453 1137 1521 μὲν
1163 1453 1215 1515 ἔς
1251 1458 1407 1523 τριῶν
1432 1449 1635 1524 ἡμερῶν
1666 1451 1787 1507 ὁδὸν
1806 1451 2031 1521 μάλιστα

148 1554 187 1598 c
210 1539 476 1608 Ῥωμαίοις
499 1537 532 1608 ἦ
558 1537 762 1610 φάραγξ
783 1537 912 1606 αὕτη
936 1535 1188 1606 ὖποτελὴς
1210 1534 1442 1606 τυγχάνει
1469 1532 1618 1605 οὖσα,
1662 1538 1722 1592 τὸ
1751 1539 1807 1592 δὲ
1830 1538 2034 1593 ἐνθένδε
2046 1550 2104 1596 15

210 1626 260 1680 οἶ
301 1625 700 1695 Περσαρμενίων
734 1621 846 1694 ὅροι
881 1622 1196 1691 ἐκδέχονται,
1244 1616 1305 1676 οἷ)
1327 1622 1391 1692 δὴ
1420 1625 1506 1676 καὶ
1532 1622 1592 1677 τὸ
1613 1628 1706 1677 τοῦ
1728 1630 1920 1695 χρυσοῦ
1940 1624 2035 1694 μέ-

206 1707 396 1764 ταλλόν
434 1710 597 1775 ἔστιν,
645 1706 767 1779 ὅπερ
805 1705 1060 1776 Καβάδου
1086 1705 1267 1771 δόντος
1299 1705 1596 1779 ἐπετρόπευε
1630 1713 1731 1762 τῶν
1751 1730 1829 1773 τις
1852 1711 2035 1779 ἐπιχω-

209 1797 333 1867 ρι’ων
359 1791 636 1862 Συμεώνης
659 1792 838 1861 ὄνομα.
918 1786 1068 1855 οὗτος
1094 1791 1121 1846 ὃ
1147 1790 1422 1862 Συμεῶνης
1443 1793 1611 1863 ἐπειδὴ
1635 1794 1957 1867 ἀμφοτέρους
1984 1795 2036 1858 ἔς

206 1881 298 1935 τὸν
317 1877 537 1947 πόλεμον
560 1872 874 1945 ἀκμάζοντας
903 1876 1017 1943 εἶδε,
1053 1875 1308 1947 Καβάδην
1329 1883 1423 1946 τῆς
1445 1883 1550 1932 τῶν
1566 1876 1846 1950 χρημάτων
1869 1900 2036 1950 προσ-

207 1964 332 2019 όδου
369 1963 665 2033 ἀποστερεῖν
699 1963 841 2033 ἔγνω.
929 1963 1007 2016 διὸ
1045 1963 1109 2032 δὴ
1139 1960 1295 2017 αὐτόν
1314 1984 1368 2016 τε
1392 1965 1477 2017 καὶ
1504 1963 1565 2018 τὸ
1598 1962 2103 2035 ΦαράγγιονῬω-ὶο

206 2051 377 2119 μαίοις
411 2048 588 2110 ἐνδοὺς
627 2048 911 2120 οὐδετέροις
946 2048 1038 2101 τὸν
1068 2049 1122 2101 ἐκ
1147 2053 1239 2102 τοῦ
1270 2045 1524 2116 μετάλλου
1542 2049 1737 2119 χρυσὸν
1761 2050 2034 2122 ἀποφέρειν

207 2135 369 2204 ἠξίου.
446 2131 686 2201 Ῥωμαῖοι
705 2134 798 2203 μὲν
820 2133 918 2204 γὰρ
945 2133 1094 2187 οὐδὲν
1115 2132 1385 2202 ἔπραττον,
1430 2134 1660 2204 ἀποχρῆν
1684 2136 1858 2207 σφίσιν
1880 2133 2036 2205 ἡγού-

206 2241 349 2290 μενοι
387 2218 703 2273 ἀπολωλέναι
727 2228 836 2282 τοῖς
871 2220 1129 2288 πολεμίοις
1155 2218 1250 2289 τὴν
1278 2218 1485 2276 ἐνθένδε
1513 2219 1709 2292 φορὰν,
1753 2221 1955 2294 Πέρσαι
1979 2221 2034 2275 δὲ

326 2357 367 2400 1.
396 2353 558 2410 οἴκου]
585 2354 742 2407 οἴκους
766 2355 818 2398 L.

210 2471 443 2521 sabantur,
473 2468 716 2525 raptimque
742 2469 862 2511 facta
890 2469 1187 2526 populatione,
1219 2468 1383 2514 domum
1409 2471 1672 2516 revolabant.
1729 2470 1779 2514 Si
1799 2470 1969 2528 quando
1989 2471 2033 2514 in

207 2528 331 2570 Rom.
374 2526 603 2568 exercitum
641 2527 755 2569 forte
792 2525 1052 2577 inciderent,
1094 2526 1384 2571 fundebantur
1420 2527 1566 2580 ilicet3
1610 2527 1776 2572 omnino
1806 2536 1943 2572 tamen
1978 2543 2032 2572 ne

207 2584 454 2627 delerentur
507 2583 706 2625 obstabat
755 2583 1098 2640 inexpugnabilis
1149 2585 1334 2628 locorum
1375 2584 1494 2627 situs.
1553 2586 1644 2628 Hos
1685 2586 1898 2628 Barbaros
1936 2601 2032 2629 cum

209 2647 310 2684 ante
348 2640 503 2683 bellum
535 2639 652 2681 istud
694 2639 829 2682 Sittas
870 2641 1030 2695 praelio
1066 2640 1268 2694 vicisset,
1312 2641 1480 2685 tandem
1507 2640 1778 2685 humanitatis
1804 2643 2032 2695 illecebris,

207 2711 331 2754 quam
373 2702 418 2740 et
460 2697 603 2738 verbis
641 2700 687 2738 et
723 2711 771 2738 re
813 2702 996 2740 testatus
1033 2698 1198 2755 prolixe
1226 2702 1320 2751 est,
1357 2699 1474 2755 ipsos
1503 2699 1740 2755 perdomuit
1768 2714 1819 2742 ac
1845 2701 2030 2755 subegit.

207 2755 321 2799 Nam
360 2754 415 2796 ad
456 2753 664 2796 mitiorem
702 2752 818 2796 vitae
857 2755 1011 2797 cultum
1049 2756 1259 2808 traducti,
1303 2756 1470 2798 nomina
1510 2755 1655 2799 suain
1684 2755 1806 2798 Rom.
1837 2769 2031 2800 numeros

208 2811 469 2863 retulerunt,
503 2823 554 2852 ac
582 2809 664 2852 iam
695 2810 793 2852 inde
823 2825 958 2867 usque
987 2826 1060 2855 eos
1088 2813 1133 2855 in
1162 2812 1455 2870 expeditiones
1483 2818 1731 2869 sequuntur.
1791 2814 1896 2856 Cum
1926 2815 2031 2857 feri-

207 2873 303 2912 tate
330 2867 587 2923 impietatem
618 2867 743 2910 etiam
773 2874 981 2911 exuerunt
1020 2875 1065 2912 et
1093 2870 1380 2914 Christianam
1406 2883 1548 2913 omnes
1574 2869 1820 2926 religionem
1849 2872 2031 2928 amplexi

205 2931 318 2969 sunt.
377 2925 596 2967 Hactenus
625 2925 680 2967 de
708 2925 886 2967 Tzanis.

323 2980 543 3024 Transitis
574 2996 718 3024 eorum
746 2981 928 3033 finibus,
969 2983 1142 3027 venitur
1169 2983 1213 3027 in
1243 2983 1395 3027 vallem
1424 2982 1550 3025 altam
1579 2982 1797 3027 admodum
1828 2988 1873 3027 et
1900 2999 2027 3041 prae-

210 3037 369 3096 cipitiis
400 3052 619 3094 asperam,
665 3053 773 3095 quae
800 3039 855 3082 ad
887 3045 1048 3082 montes
1077 3054 1210 3098 usque
1238 3040 1468 3084 Caucasios
1497 3041 1696 3096 pertinet.
1754 3039 1840 3083 Hic
1869 3041 2028 3099 oppida

207 3101 305 3139 sunt
341 3095 585 3152 frequentia
623 3095 795 3139 incolis:
835 3096 1010 3139 vitifera
1038 3098 1188 3150 tellus,
1227 3097 1690 3142 fructus-autumnales
1717 3097 1917 3154 cuiusque
1949 3113 2029 3155 ge-

206 3154 322 3197 neris
351 3152 533 3208 benigne
561 3152 735 3195 sufficit.
794 3153 951 3196 Tridui
979 3154 1063 3197 iter
1092 3155 1223 3198 habet
1250 3170 1302 3198 ea
1330 3153 1451 3198 vallis
1479 3167 1756 3210 parssquae
1786 3161 1909 3210 paret
1936 3155 2028 3198 Ro—

207 3211 364 3254 manis:
404 3211 579 3253 alteram
621 3209 837 3266 excipiunt
875 3211 1196 3254 Persarmeniae
1235 3212 1367 3260 fines;
1415 3211 1487 3253 ubi
1516 3217 1562 3253 et
1589 3210 1884 3254 aurifodinae
1913 3219 2027 3263 sunt5

239 3267 359 3310 uibus
397 3280 602 3310 concessu
646 3267 832 3310 Cabadis
871 3274 1071 3324 praeerat
1109 3269 1312 3312 oriundus
1351 3267 1539 3311 indidem
1577 3268 1823 3324 symeones,
1882 3269 1925 3311 Is
1953 3269 2026 3312 ubi

251 3338 416 3368 omanos
444 3325 559 3367 inter
591 3338 641 3366 ac
670 3324 825 3366 Persas
852 3324 1005 3367 bellum
1034 3325 1242 3368 exarsisse
1269 3325 1402 3376 vidit,
1431 3324 1548 3381 apud
1571 3337 1620 3368 se
1637 3325 1790 3367 statuit
1811 3333 2024 3382 proventu

207 3382 300 3424 auri
341 3381 556 3425 Cabadem
595 3381 892 3424 intervertere.
951 3382 1103 3438 Itaque
1142 3388 1188 3425 et
1223 3396 1270 3424 se
1310 3382 1406 3438 ipse
1435 3381 1634 3424 Romanis
1662 3389 1707 3424 et
1736 3383 2023 3438 Phar-angium

209 3438 396 3492 dedidit,
435 3439 517 3481 hac
557 3444 650 3481 arte
685 3438 731 3479 id
771 3443 1048 3490 consecutus,
1086 3443 1134 3482 ut
1173 3439 1372 3481 effossum
1414 3452 1559 3481 aurum
1599 3438 1766 3495 impune
1806 3440 2023 3484 retinereta

209 3496 322 3540 Nam
349 3509 429 3539 nec
457 3494 635 3538 Romani
665 3495 917 3552 exigebant,
960 3495 1147 3539 contenti
1174 3496 1276 3539 nihil
1304 3495 1403 3539 inde
1442 3495 1499 3539 ad
1537 3496 1698 3539 hostem
1736 3496 1902 3539 redire:
1944 3511 2024 3539 nee
