2098 3874
426 859 603 944 EX
661 854 1674 949 PRAEFATIONE-
1748 905 1751 908 ·
1949 923 1955 994 5

235 996 825 1059 DAvlnls
911 998 1861 1061 HOESCHELIL

115 1261 581 1370 Quemadmodum
615 1307 841 1358 editurus
875 1308 1236 1358 Bibliothecam
1270 1307 1463 1373 Photii,
1509 1309 1734 1374 Origenis
1778 1309 1935 1359 libros

111 1389 228 1439 Vffl
259 1398 434 1440 contra
471 1392 698 1454 Celsum,
734 1401 784 1443 et
811 1394 937 1459 alia,
974 1394 1036 1444 de
1070 1395 1223 1443 variis
1258 1411 1454 1461 semper
1488 1394 1754 1444 Codicibus
1775 1395 1958 1445 :labo-1

109 1474 255 1538 ravi,
310 1492 410 1541 quo
459 1478 657 1543 plenius
695 1480 898 1545 singula
945 1488 994 1529 et
1041 1478 1316 1529 correctius
1363 1479 1505 1545 prelo
1541 1481 1934 1530 adornarentur:

110 1559 184 1608 ita
224 1560 280 1608 in
321 1561 567 1627 Procopio
615 1563 802 1613 Graece
835 1564 1139 1630 publicando
1175 1565 1309 1614 idem
1340 1563 1466 1614 mihi
1499 1566 1746 1630 studium,
1782 1566 1933 1615 labor

111 1644 244 1693 idem
298 1645 412 1698 suit.
492 1645 743 1706 Quocirca
801 1649 1023 1698 nobiliss.
1070 1650 1153 1701 dn.
1197 1650 1334 1699 Ioan.
1385 1650 1562 1715 Georg.
1604 1649 1933 1712 Hervuartus,

110 1728 335 1778 sereniss.
368 1730 551 1781 Bavar.
589 1731 783 1780 Ducum
814 1733 1022 1783 intimus
1058 1734 1399 1797 consiliarius,
1436 1734 1534 1783 hoc
1570 1734 1797 1800 cognito,
1834 1734 1938 1800 pri-

109 1828 221 1862 mus
267 1830 298 1862 e
340 1813 517 1863 Ducali
558 1814 868 1866 Bibliotheca
899 1836 970 1869 m.
1011 1836 1052 1870 s.
1084 1819 1219 1867 misit
1255 1819 1513 1869 Codicem:
1561 1820 1774 1869 alterum
1820 1819 1938 1868 illu-

110 1897 226 1947 stris
273 1898 508 1965 Iosephus
553 1899 795 1964 Scaliger,
856 1921 885 1951 a
931 1920 1036 1954 sese
1079 1903 1423 1964 emendatum;
1484 1903 1697 1954 tertium
1747 1904 1937 1953 clariss.

110 1981 306 2031 Isaacus
357 1984 672 2035 casaubonus
717 2005 869 2037 manu
915 1997 1172 2037 exaratum
1219 1988 1531 2054 perelegante
1580 1987 1713 2036 Petri
1750 1986 1937 2037 Chaba-

109 2067 238 2115 naei.
305 2067 453 2118 Illum
500 2071 734 2136 Boicum‚
786 2073 923 2138 quod
967 2074 1141 2122 ceteris
1189 2080 1314 2120 esset
1363 2071 1668 2120 emendatior
1712 2079 1762 2119 et
1813 2072 1938 2119 inte-

109 2152 275 2217 grior,
308 2170 418 2203 sum
453 2165 654 2206 secutus
690 2158 1028 2223 potissimum:
1064 2158 1172 2221 his,
1211 2173 1272 2204 ex
1307 2173 1409 2204 uno
1451 2156 1718 2221 eodemque
1752 2155 1939 2204 descri-

109 2239 211 2302 ptis
263 2240 531 2304 exemplari
574 2242 755 2306 Regio,
802 2243 846 2291 si
892 2260 989 2307 qua
1034 2243 1133 2292 suit
1178 2240 1408 2290 lectionis
1450 2240 1663 2290 varietas
1715 2238 1807 2306 (ut
1840 2239 1940 2289 fuit

109 2322 323 2371 maxima
355 2323 442 2371 lib·
479 2325 531 2379 4.
567 2326 628 2375 de
661 2327 793 2375 bello
832 2323 1042 2394 Gotth.)
1091 2326 1145 2375 in
1190 2326 1408 2390 margine
1454 2327 1622 2374 locum
1666 2325 1810 2387 dedi3
1860 2325 1938 2372 sin

111 2406 233 2470 quid
268 2422 331 2456 ex
365 2408 520 2459 altero
554 2419 672 2460 utro
707 2412 941 2473 allatum,
979 2418 1125 2475 atque
1159 2411 1572 2475 redintegratum,
1606 2410 1688 2474 id,
1726 2416 1939 2475 excepto

110 2492 199 2542 lib.
235 2492 273 2540 I.
308 2493 452 2542 uncis
488 2503 564 2544 est
596 2496 862 2545 inclusum.
933 2495 1068 2543 Idem
1107 2495 1453 2552 Casaubonus‚
1487 2511 1612 2558 quae
1647 2493 1712 2542 ad
1746 2493 1935 2541 librum

112 2577 174 2625 de
208 2576 456 2627 Aedificiis
489 2580 750 2629 Iustiniani
795 2579 1128 2646 supplendum
1173 2578 1533 2627 eruditissimus
1571 2579 1774 2627 Carolus
1809 2577 1935 2625 Lab-

108 2661 258 2711 baeus
292 2662 369 2715 le.
406 2679 434 2712 e
466 2666 622 2715 veteri
660 2666 841 2715 Codice
874 2662 1239 2729 transscripsit,
1286 2679 1482 2711 mecum
1520 2662 1668 2712 etiam
1712 2662 1935 2712 liberali-

110 2754 186 2795 ter
221 2749 633 2805 communicavit:
678 2759 738 2800 ut
771 2751 927 2798 altero
964 2749 1066 2796 sere
1102 2755 1240 2796 tanto
1277 2747 1361 2796 hic
1398 2748 1619 2811 auctior,
1654 2764 1803 2812 quam
1840 2764 1936 2795 an-

110 2839 214 2892 tea,
260 2831 316 2880 in
359 2832 523 2883 lucem
567 2852 703 2885 nunc
751 2833 974 2901 prodeat.
1048 2833 1305 2881 Caeterum
1357 2832 1420 2880 de
1466 2832 1709 2899 Procopio
1748 2833 1934 2880 Graece

109 2915 436 2981 imprimendo
467 2918 564 2968 viri
600 2921 734 2969 docti
767 2927 869 2967 tam
906 2916 1082 2983 cupide
1126 2918 1417 2967 institerunt
1457 2917 1596 2980 ideo,
1649 2917 1764 2981 quia
1808 2917 1936 2966 male

110 3000 171 3047 ab
205 3001 474 3067 interprete
508 3012 767 3070 acceptum
803 3010 1011 3064 norant3
1057 3001 1145 3067 qui
1184 3010 1232 3051 et
1266 2999 1327 3052 τὰ
1365 2998 1661 3070 καιριώτατα
1697 3001 1934 3064 omiserit,

110 3091 161 3132 et
196 3101 319 3149 quae
351 3086 586 3150 retinuit,
631 3088 839 3153 pessima
884 3087 984 3136 fide
1020 3086 1336 3138 converterit.
1397 3104 1513 3135 nam
1550 3094 1599 3135 et
1630 3086 1781 3135 finem
1814 3085 1933 3135 belli

113 3166 334 3217 Gotthici
377 3169 508 3221 iusto
553 3189 681 3239 pene
725 3171 979 3223 volumine
1025 3171 1276 3222 fraudavit
1322 3170 1396 3239 *).
1471 3172 1694 3233 Quorum
1744 3170 1931 3221 deside-

226 3430 316 3487 [⁶)
373 3431 511 3479 Notat
549 3434 904 3494 Christophorum
944 3437 1193 3481 Personam:
1240 3435 1337 3480 vide
1382 3432 1577 3478 Maltreti
1625 3432 1927 3491 praefationem

117 3516 158 3557 p.
191 3502 309 3557 anu]
