2098 3874
344 1029 489 1104 CL.
537 1026 1053 1101 MALTRETI
1102 1021 1689 1098 PRAEFATIO.

849 1273 1185 1281 ——-.--————-

574 1531 1457 1624 LECTORI.

106 1709 185 1798 Si
230 1750 492 1800 consilium
533 1757 633 1812 est,
680 1767 895 1799 namura
931 1750 1160 1814 Leo-ron,
1206 1750 1298 1799 hos
1331 1749 1508 1800 Libros
1545 1764 1649 1798 non
1683 1747 1821 1814 prius
1857 1747 1929 1794 le-

102 1851 243 1900 gere,
280 1852 430 1902 quam
463 1835 732 1884 Auctorem
767 1835 1055 1901 pernoveris
1091 1835 1254 1900 qualis
1292 1835 1472 1898 fuerit;
1519 1833 1640 1882 hinc
1675 1832 1845 1880 oculos
1882 1838 1931 1878 et

106 1935 309 1969 manum
345 1927 579 1971 converte
613 1920 678 1969 ad
713 1927 1097 1985 consequentem
1132 1920 1359 1969 Tamum.
1431 1920 1509 1968 Ibi
1542 1918 1776 1968 Nicolaus
1810 1915 1931 1964 Ale-

103 2019 344 2068 mamms,
384 2004 467 2055 vir
515 2004 744 2054 doctrina
793 2012 1075 2072 praestans,
1120 2004 1223 2054 suis
1276 2006 1331 2054 in
1368 2004 1638 2054 Historiam
1686 2002 1931 2051 Arcanam

104 2088 497 2140 Praefationibus
538 2099 590 2140 te
633 2090 742 2139 voti
778 2097 1056 2157 compotem
1103 2089 1273 2139 faciet:
1327 2090 1476 2139 simul
1523 2089 1673 2138 etiam
1715 2087 1929 2149 docebit,

103 2180 227 2239 quot
273 2180 323 2222 et
369 2190 515 2240 quam
565 2192 736 2241 graves
781 2175 1020 2243 temporis
1064 2172 1417 2240 hominumque
1451 2175 1660 2225 iniurias
1695 2175 1931 2224 Pnocomt

102 2259 430 2310 Caesariensis
477 2261 790 2327 pertulerint.
861 2260 1014 2322 Quod
1059 2267 1224 2309 autem
1266 2261 1347 2311 vir
1395 2260 1528 2310 idem
1573 2261 1695 2310 clar.
1737 2259 1930 2308 facien-

101 2343 223 2392 dum
267 2343 475 2410 reliquit
521 2345 631 2394 aliis
677 2346 740 2395 de
785 2345 940 2395 veteri
975 2345 1180 2394 illorum
1216 2346 1627 2413 interpretatione
1660 2345 1928 2405 iudicium3

104 2427 158 2477 id
189 2427 286 2476 sibi
319 2437 595 2495 sumpserat
626 2429 865 2497 Iosephus
901 2431 1146 2496 Scaliger,
1192 2448 1397 2480 suorum
1433 2432 1615 2498 sydus,
1659 2449 1774 2479 cum
1807 2429 1930 2477 haec

103 2512 167 2561 ad
201 2513 447 2563 Davidum
478 2514 828 2564 Hoeschelium
863 2516 1126 2566 scriberet:
1163 2517 1314 2565 Recte
1348 2514 1554 2565 iudicas
1586 2515 1801 2582 dignum
1829 2532 1929 2562 esse

105 2600 438 2666 Procopium,
482 2602 573 2666 qui
606 2598 817 2663 edatur,
852 2611 900 2649 et
932 2604 1058 2668 quia
1092 2601 1311 2669 dignus,
1346 2610 1393 2649 et
1428 2604 1556 2669 quia
1594 2602 1728 2650 male
1755 2601 1821 2649 ab
1843 2600 1928 2650 In-

104 2692 309 2750 urprete
342 2693 579 2750 acceptus
613 2694 701 2736 est.
778 2686 886 2749 Qui
923 2696 971 2735 et
1002 2685 1065 2739 va?
1095 2683 1394 2756 καιριώτατα
1429 2688 1678 2749 omiserit,
1715 2696 1761 2734 et
1795 2704 1927 2752 quae

106 2770 339 2830 retinuit,
374 2771 600 2834 pessima
630 2768 745 2835 fide
790 2775 1097 2825 converterit.
1170 2774 1307 2823 Nam
1351 2780 1399 2820 et
1428 2772 1591 2836 finem
1625 2772 1764 2820 Belle:
1803 2772 1926 2819 Got-

105 2852 230 2901 clu‘ci
276 2856 414 2903 iusto
447 2872 576 2920 pene
617 2857 868 2905 volumine
896 2857 1196 2921 fraudavit.
1266 2857 1376 2907 Hoc
1423 2858 1656 2906 ultimum
1691 2873 1927 2907 censurae

104 2945 258 3005 caput
286 2939 492 3006 proprie
528 2942 763 2992 convenit
794 2942 849 2990 in
887 2942 1298 3011 Christophorum
1334 2945 1598 2992 Personam
1627 2944 1928 2991 Romanum:

104 3022 190 3089 qui
226 3024 487 3076 Teu-adem
535 3027 803 3076 secundam
839 3026 1080 3078 librorum
1116 3029 1177 3077 de
1216 3028 1362 3077 Bellis
1414 3029 1482 3076 ita
1527 3028 1810 3091 truncavit,
1870 3035 1930 3076 ut

105 3105 313 3157 triadem
363 3108 548 3159 fecerit.
619 3111 847 3161 caeterae
898 3112 1293 3180 reprehensionis
1340 3120 1502 3180 partes
1551 3114 1600 3162 ei
1646 3130 1928 3163 communes

103 3198 226 3240 sunt
271 3209 386 3242 cum
429 3194 676 3262 Baphaele
725 3197 1072 3262 Volaterrano,
1131 3199 1357 3248 Tetradis
1411 3197 1593 3265 prioris
1645 3199 1931 3265 Interprcte.

106 3273 316 3335 Quando
351 3278 567 3344 Scaliger
603 3296 686 3344 ea,
735 3298 861 3346 quae
898 3282 1044 3332 modo
1079 3284 1259 3347 retuli,
1297 3284 1374 3332 'ad
1410 3283 1622 3332 amicum
1667 3284 1929 3345 scribebat,

109 3357 295 3409 Graeca
319 3362 548 3430 Procopii
582 3366 884 3415 monimenta
918 3367 1140 3418 nondum
1174 3370 1344 3435 praelo
1380 3368 1432 3418 in
1468 3367 1721 3434 publicum
1755 3369 1931 3419 emissa

112 3442 332 3508 fuerant5
375 3456 719 3515 praeterquam
769 3452 883 3501 libri
932 3452 1046 3521 περὶ
1093 3449 1400 3519 κτισμάτωνε
1458 3453 1544 3518 qui
1582 3471 1727 3519 quam
1766 3460 1927 3501 essent

107 3526 304 3590 mutili,
351 3529 404 3578 in
449 3533 560 3583 loco
595 3536 769 3588 dicam.
841 3537 945 3586 Hos
981 3539 1137 3589 multo
1172 3539 1420 3589 auctiores
1455 3538 1777 3588 Hooschelius
1812 3554 1924 3586 cum
