2254 3814
349 147 470 203 332
1086 146 1417 201 PROCOPII

347 287 522 340 δοσίου
547 287 638 354 μὲν
668 287 764 356 ἤδη
794 287 846 351 ἐξ
870 283 1158 357 ἀνθρώπων
1192 286 1596 360 ἀφανισθέντος,
1641 289 1951 361 Μαρκιανοῦ
1984 290 2039 343 δὲ
2071 289 2161 359 τὴν
2191 357 2195 361 q

338 374 597 440 βασιλείαν
621 370 1025 443 παραλαβόντος.
2035 430 2037 432 ,

163 447 313 503 37189
513 453 567 510 ε’.
655 462 707 510 Γ
702 459 909 527 ιζέριχος
937 459 992 511 δὲ
1020 457 1091 512 δι’
1117 457 1241 511 ἄλλο
1264 458 1357 525 μὲν
1381 456 1528 512 οὐδὲν
1542 499 1559 524 ,
1605 455 1683 512 ὅτι
1712 459 1768 511 δὲ
1800 457 1939 530 αὐτῷ
1955 455 2162 529 χρήμα-

339 563 405 596 τα
440 539 647 594 ἔσεσθαι
686 541 1001 609 ὖπετόπασε,
1070 540 1237 615 στόλῳ
1287 547 1458 615 πολλῷ
1505 542 1555 606 ἔς
1588 542 1806 596 Ἰταλίαν
1842 544 2157 597 κατέπλευσε.

338 625 537 692 ἀναβὰς
566 627 621 678 δὲ
649 628 701 689 ἐς
719 625 948 698 Ῥώμην,
993 629 1093 680 ε’πεὶ
1121 627 1285 688 οὐδείς
1311 628 1359 681 οἳ
1383 627 1618 695 ἐμποδὼν
1643 628 1835 696 ἕστηκε,
1881 634 1984 681 τῶν
2009 634 2214 695 βασι-5

334 712 479 764 λείων
521 709 781 782 ἐκράτησε.
870 710 1118 780 Μάξιμον
1160 714 1253 780 μὲν
1297 707 1387 766 οὖν
1431 710 1682 783 φεύγοντα
1720 710 1958 780 Ῥωμαῖοι
1995 715 2163 775 λίθοις

333 793 579 862 βαλόντες
623 798 952 869 διέφθειραν,
999 801 1083 851 καὶ
1122 794 1215 866 τήν
1240 819 1294 851 τε
1328 798 1552 870 κεφαλὴν
1586 803 1688 851 τῶν
1722 819 1776 851 τε
1800 797 1967 851 ἄλλων
1994 803 2163 865 μελῶν
2206 800 2209 805 ‘

336 880 550 933 ἕκαστον
577 881 944 950 ἀποτεμόμενοι
979 884 1222 936 διείλοντο
1262 885 1420 954 σφίσι.
1508 887 1560 936 Γ
1555 884 1763 954 ιζὲριχος
1786 884 1841 935 δὲ
1863 880 1954 950 τήν
1977 904 2030 935 τε
2058 882 2161 935 Εὐ-

337 967 511 1028 δοξίαν
537 965 645 1035 ἅμα
669 968 894 1043 Εὐδοκίᾳ
915 989 970 1022 τε
995 971 1076 1021 καὶ
1099 971 1376 1043 Πλακιδίᾳ,
1422 975 1535 1030 ταῖς
1557 967 1715 1037 αὐτῆς
1738 989 1792 1021 τε
1816 969 1899 1020 καὶ
1933 967 2161 1020 Οὗαλεν-
2218 974 2222 981 “

260 1055 299 1099 Β
337 1057 558 1103 τινιανοῦ
582 1055 784 1119 παισὶν,
846 1051 1169 1122 αἰχμάλωτον
1205 1051 1330 1120 εἷλε,
1390 1058 1586 1124 χρυσοῦ
1620 1075 1674 1106 τε
1704 1055 1788 1106 καὶ
1819 1050 2042 1123 ἀργύρου
2077 1054 2198 1108 καὶί
2227 1040 2233 1047 ’

335 1141 437 1190 τῶν
462 1135 628 1191 ἄλλων
653 1139 905 1205 βασιλέως
927 1137 1198 1208 κτημάτων
1219 1134 1352 1192 πολύ
1377 1159 1426 1191 τι
1445 1142 1622 1208 χρῆμα
1649 1138 1701 1190 ἓν
1732 1146 1845 1199 ταῖς
1871 1140 2049 1191 ναυσὶν
2078 1139 2160 1191 ε’ν-

337 1221 550 1288 θὲμενος
583 1224 636 1283 ἐς
674 1221 990 1293 Καρχηδόνα
1022 1223 1184 1289 ἔπλει,
1243 1222 1358 1277 οὔτε
1389 1227 1584 1291 χαλκοῦ
1613 1221 1727 1275 οὔτε
1754 1221 1912 1276 ἄλλου
1945 1220 2159 1275 ὅτουοῢν

335 1308 387 1359 ἐν
411 1315 518 1368 τοῖς
540 1309 813 1374 βασιλείοις
834 1306 1149 1379 φεισάμενος.
1239 1307 1452 1376 ἐσύλησε
1483 1308 1539 1360 δὲ
1562 1309 1644 1360 καὶ
1668 1306 1758 1360 τὸν
1793 1312 1884 1360 τοῦ
1911 1308 2040 1369 Διὸς
2066 1312 2158 1361 τοῦ

333 1394 664 1446 Καπιτωλίου
703 1393 828 1446 νεὼν
856 1395 939 1446 καὶ
976 1399 1068 1447 τοῦ
1107 1393 1280 1463 τέγους
1315 1392 1408 1463 τὴν
1441 1389 1672 1461 ἡμίσειαν
1697 1391 1928 1463 ἀφείλετο
1954 1402 2156 1463 μοῖραν.
2210 1412 2215 1420 ·

330 1482 484 1530 τοῦτο
511 1478 567 1530 δὲ
599 1477 656 1531 τὸ
684 1478 826 1548 τέγος
848 1483 1043 1547 χαλκοῦ
1064 1480 1156 1546 μὲν
1181 1484 1273 1532 τοῦ
1300 1478 1510 1550 ἀρίστου
1542 1475 1806 1546 ἐτύγχανεν
1830 1476 1886 1530 ὂν
1901 1519 1917 1543 ,
1958 1483 2155 1547 χρυσοῦ
2172 1485 2231 1533 15,

329 1563 386 1614 δὲ
420 1561 559 1635 αὐτῷ
596 1560 971 1633 ὖπερχυθέντος
1010 1561 1172 1635 ἇδροῦ
1209 1562 1279 1626 ὥς
1314 1561 1538 1633 μάλιστα
1573 1563 1947 1632 μεγαλοπρεπές
1976 1585 2029 1615 τε
2073 1566 2156 1616 καὶ

327 1644 603 1715 θαύματος
628 1654 819 1702 πολλοῦ
849 1649 991 1712 ἄξιον
1013 1651 1311 1720 διεφαίνετο.
1397 1653 1500 1702 τῶν
1523 1648 1578 1700 δὲ
1597 1647 1728 1716 μετὰ
1748 1652 1799 1702 Γ
1795 1650 2004 1719 ιζερίχου
2032 1654 2156 1702 νεῶν

323 1734 446 1799 μίαν
471 1735 565 1800 μὲν
585 1775 601 1799 ,
650 1732 684 1802 ἣ
720 1734 813 1796 τὰς
850 1733 1046 1797 εῗκόνας
1081 1734 1256 1806 ἔφερε,
1315 1735 1474 1805 φασὶν
1513 1731 1830 1798 ἀπολέσθαι,
1888 1731 2076 1795 πάσαις
2100 1735 2157 1786 δὲ

168 1823 212 1864 Η
239 1823 295 1867 98
326 1827 436 1880 ταῖς
486 1818 662 1880 ἄλλαις
711 1820 759 1871 οῗ
797 1822 1042 1872 Βανδίλοι
1085 1820 1135 1882 ἐς
1175 1819 1264 1872 τὸν
1307 1815 1647 1889 Καρχηδόνος
1685 1818 1861 1885 λιμένα
1905 1824 2150 1887 κατῆραν.

259 1909 297 1950 C
326 1903 578 1957 Εὗδοκιάν
598 1904 692 1970 μὲν
722 1898 812 1957 οὖν
837 1909 886 1956 Γ
882 1905 1090 1972 ιζὲριχος
1108 1902 1364 1976 Ὁνωρίχῳ
1387 1908 1461 1976 τῷ
1485 1908 1586 1956 τῶν
1610 1903 1805 1956 παίδων
1828 1904 2152 1976 πρεσβυτέρῳ

323 1986 562 2062 ξυνῴκισε
588 2029 603 2054 ,
651 1989 743 2058 τὴν
776 1990 831 2041 δὲ
868 1989 930 2057 δὴ
959 1987 1133 2059 ἑτέραν
1162 1989 1349 2062 (ἀνδρὶ
1373 1988 1471 2059 γὰρ
1495 1986 1700 2062 ξυνῴκει
1718 1989 1970 2059 Ὀλυβρίῳ
1985 2029 2002 2054 ,
2048 1994 2153 2042 τῶν

324 2074 377 2126 ἓν
413 2079 578 2145 βουλῇ
616 2079 680 2145 τῇ
713 2071 975 2142 Ῥωμαίων
1013 2071 1437 2147 εὖδοκιμωτάτῳ)
1477 2071 1585 2141 ἅμα
1627 2078 1691 2145 τῇ
1725 2076 1881 2144 μητρὶ
1907 2073 2146 2147 Εὗδοξιίιι,

324 2159 719 2229 ἐξαιτησαμένου
739 2159 1020 2227 βασιλέως,
1067 2161 1120 2223 ἐς
1142 2157 1423 2222 Βυζάντιον
1449 2157 1688 2227 ἔπεμψεν.
1758 2158 1858 2228 ἤδη
1884 2159 1938 2211 δὲ
1963 2159 2022 2212 τὸ
2049 2164 2150 2212 τῶν

433 2326 476 2368 9.
510 2321 640 2368 Ουόιλ
661 2324 733 2379 -—]
766 2325 861 2367 Βαλ
879 2347 936 2354 -
959 2323 1010 2366 P.
1128 2324 1198 2369 15.
1230 2318 1439 2381 ἀρίστου]
1470 2319 1714 2381 ἀριστεροῦ
1742 2323 1795 2366 L.
1853 2319 2044 2380 α’ρίστου
2056 2324 2146 2366 Lm.

433 2383 503 2426 21.
531 2379 784 2440 ξυνῴκισε]
812 2377 1041 2440 ξυνῴκησε
1072 2381 1168 2425 HL.

320 2527 456 2567 torem
485 2538 719 2581 quenquam
748 2524 1004 2581 expectabat
1045 2523 1119 2567 illa
1147 2522 1360 2580 Byzantio
1375 2554 1390 2577 ,
1431 2523 1506 2568 ubi
1545 2522 1628 2567 iam
1670 2521 1915 2566 decesserat
1941 2520 2148 2566 Theodo-

320 2581 423 2633 sius,
454 2588 499 2623 et
526 2581 699 2638 imperii
729 2582 1015 2637 gubernacula
1045 2581 1289 2625 Marcianus
1317 2586 1582 2638 susceperat.
2208 2616 2222 2643 ι,

422 2639 464 2681 5.
525 2639 752 2681 Gizericus
783 2653 865 2681 non
906 2638 1080 2690 officio,
1122 2640 1198 2681 sed
1238 2652 1317 2695 spe
1359 2638 1494 2682 divite
1534 2637 1759 2692 inductus,
1791 2651 1884 2679 cum
1914 2636 2050 2679 classe
2078 2635 2146 2678 in-

318 2694 437 2750 genti
467 2694 633 2737 Italiam
666 2697 801 2753 petit,
828 2710 879 2738 ac
905 2696 1078 2739 Romam
1106 2696 1348 2751 ingressus,
1388 2696 1588 2739 obstante
1616 2695 1781 2738 nemine
1818 2693 1980 2750 regiam
2020 2707 2148 2736 occu-

318 2758 409 2808 pat.
468 2753 646 2794 Romani
675 2753 906 2808 fugientem
936 2752 1163 2796 Maximum
1193 2752 1380 2808 lapidum
1408 2752 1564 2796 ictibus
1597 2752 1851 2803 conficiunt,
1893 2749 2145 2792 abscissum-

317 2823 402 2864 que
440 2808 553 2851 illius
601 2817 729 2864 caput
776 2817 820 2852 et
849 2811 1038 2853 dissecta
1067 2811 1252 2853 membra
1289 2809 1401 2853 inter
1430 2823 1477 2854 se
1507 2809 1766 2867 partiuntur.
1823 2807 2021 2851 Eudoxia
2050 2821 2143 2849 cum
2205 2806 2229 2858 ,ἓν

314 2866 510 2908 Eudocia
539 2880 590 2908 ac
630 2867 847 2919 Placidia‚
893 2881 1000 2923 quas
1032 2867 1356 2910 Valentinianus
1399 2881 1452 2909 ex
1482 2867 1579 2924 ipsa
1608 2871 1939 2922 procreaverat,
1970 2864 2143 2919 captiva.
2204 2907 2221 2934 Ὺ

312 2922 358 2964 in
388 2922 582 2965 Gizerici
613 2930 868 2979 potestatem
898 2926 1038 2967 venit:
1070 2925 1145 2979 qui
1173 2938 1326 2979 magna
1356 2925 1451 2967 auri
1480 2923 1731 2980 argentique
1759 2921 1803 2963 vi
1832 2926 1878 2963 et
1906 2920 2142 2976 imperato·
2218 2926 2219 2930 ’

314 2980 382 3022 ria
418 2979 673 3035 supellectili
715 2980 758 3022 in
792 2995 923 3023 naves
951 2982 1172 3037 imposita,
1213 2981 1517 3037 Carthaginem
1558 2980 1654 3022 vela
1681 2978 1808 3029 fecit3
1851 2991 1940 3020 cum
1969 2979 2012 3019 iu
2044 2977 2139 3019 aula
2200 2997 2205 3002 ·

314 3051 396 3078 uec
426 3036 600 3089 alienis,
630 3051 710 3079 nec
741 3052 789 3079 re
820 3038 982 3080 demum
1018 3038 1102 3080 ulla
1131 3052 1294 3081 manum
1322 3038 1614 3080 abstinuisset.
1668 3034 1782 3078 Iovis
1812 3049 1976 3091 quoque
2007 3033 2142 3090 Capi-
2201 3071 2205 3074 .

313 3093 436 3136 tolini
464 3094 664 3149 templum
695 3094 896 3149 diripuit,
941 3110 992 3137 ac
1034 3094 1212 3137 mediam
1254 3101 1416 3152 partem
1448 3093 1626 3137 abstulit
1653 3092 1780 3134 tecti:
1812 3093 1924 3147 quod
1956 3105 2009 3133 ex
2040 3104 2140 3136 aere
2184 3090 2187 3101 ²

312 3149 471 3206 optimo
500 3150 669 3192 ductum
699 3158 816 3203 erat,
859 3152 1074 3206 multoque
1103 3166 1206 3194 auro
1234 3151 1344 3194 illito
1373 3148 1830 3206 magnificentissimum
1861 3153 1904 3190 et
1932 3146 2140 3203 singulari

316 3207 489 3263 dignum
519 3206 798 3249 admiratione
827 3209 1066 3250 videbatur.
1128 3209 1166 3249 Ε
1195 3209 1374 3251 navibus
1403 3205 1597 3250 Gizerici
1623 3220 1772 3256 unam,
1802 3219 1888 3261 qua
1915 3206 2139 3247 simulacra
2207 3211 2213 3214 “

315 3260 605 3316 vehebantur,
646 3263 826 3320 periisse
854 3266 1026 3306 ferunt:
1068 3264 1245 3319 reliquis
1276 3264 1453 3307 Vandali
1482 3264 1526 3306 in
1555 3269 1724 3319 portum
1754 3261 2030 3317 Carthaginis
2059 3260 2138 3302 de·
2204 3267 2206 3310 j
2238 3287 2239 3305 2

313 3322 392 3364 lati
421 3327 530 3363 sunt.
591 3320 825 3363 Eudociam
863 3321 1089 3363 Gizericus
1130 3321 1392 3363 matrimonio
1420 3320 1560 3363 iunxit
1592 3335 1684 3363 cum
1714 3320 1928 3362 Honorico
1957 3317 2136 3360 filiorum
2207 3362 2215 3372 Ι,

315 3378 462 3420 maiori
491 3382 615 3420 natu:
657 3378 833 3420 alteram
865 3377 1151 3420 Valentiniani
1190 3377 1320 3420 filiam
1354 3377 1535 3433 Olybrio
1566 3378 1819 3420 Senatorum
1847 3377 2007 3418 Romae
2036 3388 2135 3429 spe-

318 3435 548 3479 ctatissimo
587 3441 786 3492 nuptam,
842 3435 1096 3492 Byzantium
1137 3448 1228 3477 cum
1268 3440 1403 3477 matre
1435 3434 1628 3477 Eudoxia
1670 3432 1942 3491 Imperatoris
1987 3436 2135 3488 postu-
2206 3431 2223 3462 3*
