2254 3814
367 178 492 239 466
924 166 927 167 *
1121 177 1456 232 PRocoPfl

370 344 456 394 ρια
481 316 711 378 ἐνταῦθά
733 342 801 388 πη
829 316 1202 387 ἀτημελημένα,
1244 323 1319 392 τῷ
1340 317 1413 387 μὴ
1438 320 1601 372 δοκεΐν
1630 316 1878 385 ἀναγκαῖα
1900 325 2007 380 τοῖς
2030 315 2196 389 ταύτῃ

371 408 645 482 ᾠκημένοις
681 402 821 460 εἶναι.
912 405 965 466 ἐξ
997 402 1119 457 ὅτου
1143 404 1239 475 γὰρ
1263 404 1323 457 τὸ
1348 401 1617 475 Λῦράσιον
1643 400 1976 473 Μαυρούσιοι
2002 407 2195 456 Βανδί-

369 500 491 554 λους
524 492 821 562 ἀφείλοντο,
866 488 1034 551 οὐδείς
1069 511 1149 543 πω
1183 491 1235 552 ἒς
1264 489 1390 542 αὐτὸ
1418 489 1654 558 πολέμιος
1676 483 1837 558 ἦλθεν
1863 488 1981 541 οὐδὲ
2005 489 2056 550 ἒς
2083 488 2198 550 δέος

368 577 490 638 τοὺς
531 573 834 647 βαρβάρους
880 574 1211 643 κατέστησεν,
1272 574 1404 627 ἀλλὰ
1443 577 1528 627 καὶ
1573 571 1718 628 πόλιν
1759 571 2116 643 Ταμούγαδιν,
2163 572 2196 640 ’ἢ

367 662 496 733 πρὸς
531 667 605 734 τῷ
639 660 743 729 ὄρει
783 661 836 713 ἐν
869 659 1001 731 ἀρχῇ
1036 665 1130 712 τοῦ
1167 661 1341 713 πεδίου
1364 660 1493 730 πρὸς
1515 659 1785 727 ἀνίσχοντα
1803 658 1946 727 ἥλιον
1970 655 2238 714 πολυάν-5

190 762 226 802 Ρ
258 762 339 805 267
372 753 589 818 θρωπος
619 740 750 798 οὖσα
780 743 975 818 ᾤκητο,
1021 743 1210 815 ἔρημον
1235 742 1527 813 ἀνθρώπων
1553 746 1602 798 οἳ
1628 742 1959 815 Μαυρούσιοι
1981 740 2199 811 ποιησά-

365 854 507 901 μενοι
534 832 586 895 ἒς
604 830 795 901 ἔδαφος
818 835 1076 896 καθεῖλον,
1122 829 1260 893 ὅπως
1283 830 1354 898 μὴ
1382 831 1611 884 ἐνταῦθα
1637 824 1669 900 ᾖ
1696 829 1890 882 δυνατὰ
1924 831 2199 898 ἐνστρατο-

367 914 720 972 πεδεύσασθαι
759 924 866 978 τοῖς
911 917 1192 983 πολεμίοις,
1238 915 1368 968 ἀλλὰ
1391 917 1522 985 μηδὲ
1547 915 1677 968 κατὰ
1706 913 1963 985 πρόφασιν
1987 920 2079 982 τῆς
2103 910 2200 966 πό-

368 1008 494 1065 λεως
526 1001 639 1072 ἄγχι
673 1000 723 1064 ἒς
756 1001 813 1055 τὸ
852 999 971 1071 ὅρος
1004 1002 1144 1054 ἰέναι.
1233 999 1364 1069 εἶχον
1404 1003 1460 1054 δὲ
1495 1001 1545 1054 οἶ
1570 997 1731 1070 ταύτῃ
1755 997 2086 1070 Μαυρούσιοι
2115 1000 2199 1051 καὶ

365 1088 461 1155 τὴν
497 1087 626 1159 πρὸς
661 1084 876 1157 ἑσπέραν
909 1091 1002 1139 τοῦ
1034 1086 1308 1155 Αὐρασιόυ
1333 1083 1539 1157 χώραν,
1587 1083 1776 1153 πολλήν
1810 1106 1862 1138 τε
1885 1087 1968 1136 καὶ
1992 1083 2196 1153 ἀγαθὴν
2216 1096 2254 1138 1(

368 1168 544 1228 οὖσαν.
634 1174 718 1224 καὶ
756 1170 953 1225 τούτων
986 1170 1208 1223 ἐπέκεινα
1251 1173 1608 1242 Μαυρουσίων
1645 1170 1776 1237 ἔθνη
1810 1170 1954 1237 ἕτερα
1981 1169 2195 1243 ᾤκηντο,

362 1252 437 1312 ’ὧν
459 1252 610 1327 ἦρχεν
633 1256 872 1325 Ὀρ-τα”ι’·ας
884 1297 900 1320 ,
947 1254 1003 1317 ὃς
1026 1253 1296 1323 Σολόμωνί
1315 1277 1370 1309 τε
1396 1259 1478 1308 καὶ
1498 1254 1780 1321 Ῥωμαίοις,
1818 1251 1885 1315 ὥς
1908 1254 2199 1322 ἔμπροσθεν

365 1340 599 1413 ἐρρήθη,
647 1339 910 1409 ’ξύμμαχος
941 1334 1088 1409 ἦλθε.
1177 1338 1364 1394 τούτου
1399 1345 1493 1393 τοῦ
1536 1337 1814 1412 ἀνθρώπου
1850 1339 1945 1409 ἐγώ
1968 1341 2200 1408 λέγοντος

364 1427 561 1495 ἥκουσα
587 1423 655 1488 ὥς
680 1424 806 1495 ὑπὲρ
836 1426 927 1494 τὴν
947 1423 1153 1495 χώραν,
1188 1419 1251 1494 ἧς
1275 1425 1429 1487 αὐτὸς
1457 1425 1631 1496 ἄρχοι,
1680 1425 1878 1486 οὐδένες
1907 1422 2198 1494 ἀνθρώπων

366 1515 620 1577 οἰκοῦσιν,
667 1511 799 1564 ἀλλὰ
837 1516 901 1581 γῆ
942 1510 1130 1580 ἕρημος
1164 1512 1243 1564 ἐπὶ
1280 1516 1515 1565 πλεῖστον
1556 1508 1742 1580 διήκει,
1781 1507 1974 1578 ταύτης
2004 1531 2058 1563 τε
2086 1510 2254 1566 {ng-*15

306 1612 343 1654 B
373 1619 508 1651 κεινα
554 1596 830 1665 ἄνθρωποί
876 1598 1001 1649 εἰσιν
1055 1596 1150 1664 οὐχ
1184 1595 1352 1667 ὥσπερ
1398 1597 1447 1650 οἱ
1482 1594 1814 1666 Μαυρούσιοι
1844 1593 2194 1663 μελανόχροοι,

366 1683 499 1736 ἀλλὰ
534 1684 705 1736 λευκοί
735 1703 788 1735 τε
824 1684 937 1734 λίαν
967 1681 1031 1734 τὰ
1061 1679 1279 1750 σώματα
1307 1684 1391 1735 καὶ
1421 1682 1516 1745 τὰς
1546 1680 1710 1751 κόμας
1743 1683 1942 1745 ξανθοί.
2031 1687 2196 1734 ταῦτα

362 1770 455 1836 μὲν
479 1767 543 1835 δὴ
573 1760 677 1821 ὧδέ
695 1788 803 1830 πως
827 1767 938 1836 ἔχει.

536 1849 785 1920 Σολόμων
817 1855 872 1906 δὲ
903 1853 1258 1922 Μαυρουσίων
1282 1874 1337 1906 τε
1365 1852 1486 1915 τοὺς
1510 1848 1803 1920 ξυμμάχους
1837 1848 2198 1922 δωρησάμενος
2235 1872 2237 1876 ·

189 1949 229 1990 V
258 1950 338 1994 407
363 1934 594 2009 χρήμασι
626 1934 864 2006 μεγάλοις
888 1939 972 1990 καὶ
999 1938 1164 1992 πολλὰ
1188 1934 1692 2009 παρακελευσάμενος
1716 1939 1867 1990 παντὶ
1895 1943 1967 2009 τῷ
1993 1942 2254 2009 στρατῷρ(

366 2027 418 2086 ἒς
448 2022 567 2094 ὅρος
591 2023 650 2076 τὸ
674 2021 945 2094 Λῦράσιον
970 2021 1038 2086 ὥς
1062 2025 1113 2086 ἐς
1133 2022 1303 2093 μάχην
1339 2023 1726 2092 διατεταγμένος
1760 2022 2045 2090 ἀνέβαινεν,
2091 2020 2198 2075 οἷό-

363 2129 515 2177 μενος
557 2109 716 2179 ἐκείνῃ
753 2114 818 2180 τῇ
855 2106 1020 2182 ἡμέρᾳ
1043 2119 1151 2171 τοῖς
1188 2131 1241 2163 τε
1269 2110 1524 2176 πολεμίοις
1546 2107 1631 2161 διὰ
1656 2104 1825 2176 μάχης
1849 2109 1973 2161 ἰέναι
1998 2110 2080 2160 καὶ
2109 2107 2192 2160 ἐπ’

364 2194 535 2248 αὐτῶν
560 2195 944 2268 διακρίνεσθαι,
987 2192 1088 2263 ὅπη
1112 2193 1174 2248 ἂν
1198 2188 1232 2266 ᾖ
1255 2194 1546 2266 βουλομένῃ
1571 2198 1635 2266 τῇ
1663 2190 1806 2265 τύχῃ.
1894 2192 1953 2246 οὗ
1979 2193 2076 2264 γὰρ
2106 2187 2196 2246 οὖν

475 2331 520 2375 3.
563 2325 718 2381 ου’δείς
744 2345 818 2374 πω
847 2354 904 2363 —-
932 2324 1077 2386 ἦλθεν
1118 2329 1266 2373 addidi
1297 2344 1350 2373 ex
1381 2329 1468 2373 AL.
1525 2331 1668 2374 nullus
1695 2329 1756 2372 ad
1783 2329 1921 2384 ipsum
1949 2329 2084 2372 hostis
2113 2329 2197 2372 ad-

477 2388 601 2430 cessit
635 2388 731 2430 RV.
858 2389 964 2432 ibid.
995 2384 1107 2431 ον’δὲ
1137 2389 1270 2432 ALH.
1319 2385 1458 2431 οὐδὲν
1485 2388 1534 2430 Ρ.
1661 2386 1704 2431 4.
1740 2384 2068 2443 Ταμοῦγαδιν]
2103 2389 2195 2429 Τα-

474 2458 657 2500 mugam
685 2445 780 2488 RV.
884 2448 952 2491 12.
979 2441 1170 2503 ὀρταΐας
1190 2446 1241 2488 L.
1273 2441 1501 2502 Ὀρθαΐας
1523 2445 1576 2488 Ρ.
1637 2445 1800 2489 Citaias
1828 2445 1924 2491 RV.
2022 2447 2094 2491 13.
2122 2444 2196 2502 ἐρ-

475 2501 630 2559 ρήθη]
660 2500 830 2560 ἒρῥὲθη
860 2503 913 2547 Ρ·

362 2632 520 2676 Africa.
579 2632 711 2676 Nulla
737 2629 923 2673 castellis
954 2644 1056 2674 eura
1083 2630 1372 2687 impenditur,
1416 2630 1534 2688 quod
1574 2629 1726 2674 ineolis
1755 2628 1922 2674 minime
1950 2629 2194 2673 necessaria

362 2690 603 2732 videantur.
673 2690 739 2731 Ex
778 2703 860 2744 quo
898 2689 1008 2731 enim
1051 2688 1191 2731 Mauri
1222 2689 1438 2731 vandalos
1477 2693 1709 2745 exegerunt
1739 2688 1941 2740 Aurasio,
1994 2687 2100 2729 nihil
2129 2688 2193 2730 ti-

363 2752 571 2790 muerunt.
630 2747 792 2788 Urbem
817 2759 989 2801 quoque
1018 2746 1315 2802 Tamugadin‚
1360 2759 1470 2804 quae
1499 2746 1553 2788 ab
1584 2746 1765 2788 Oriente
1794 2743 1925 2787 monti
1953 2743 2191 2799 adiacebat,

363 2807 409 2846 et
447 2802 642 2860 planitiei
671 2803 803 2846 dabat
841 2803 1032 2855 initium,
1085 2802 1225 2846 Mauri
1266 2803 1452 2854 civibus,
1503 2802 1657 2858 quibus
1688 2801 1952 2853 abundabat,
1997 2801 2193 2854 sublatis,

362 2866 601 2916 aequarunt
628 2861 742 2910 solo,
772 2863 822 2901 ut
852 2875 931 2902 nec
960 2860 1112 2902 metari
1141 2859 1252 2909 illic,
1285 2873 1366 2903 nec
1392 2873 1472 2916 per
1499 2860 1667 2903 vicinae
1695 2857 1814 2901 urbis
1846 2857 2105 2900 occasionem
2134 2858 2192 2900 ad

361 2921 545 2960 montem
582 2918 727 2959 hostes
767 2917 911 2959 subire
948 2921 1136 2972 possent.
1210 2916 1500 2959 Obtinuerant
1530 2931 1699 2974 quoque
1727 2915 1855 2958 iidem
1885 2915 2047 2965 Mauri,
2104 2929 2190 2971 qua

362 2974 569 3018 Aurasius
595 2974 648 3014 ad
673 2975 881 3015 Occasum
909 2974 1068 3029 vergit,
1097 2973 1311 3030 regionem
1343 2986 1532 3030 magnam
1562 2987 1613 3015 ac
1641 2973 1844 3014 fertilem:
1875 2971 1942 3013 cui
1971 2972 2192 3014 continen-

361 3036 430 3074 tes
459 3035 583 3073 erant
610 3030 783 3072 aliorum
812 3031 938 3073 sedes
969 3031 1226 3082 Maurorum,
1255 3031 1519 3074 subditorum
1547 3030 1769 3080 osthane,
1800 3028 1888 3084 qui,
1922 3035 1968 3070 ut
1996 3034 2094 3071 ante
2123 3029 2191 3071 di-

363 3089 531 3139 cebam,
578 3087 624 3128 in
651 3087 888 3130 Salomonis
918 3102 969 3130 ac
996 3088 1277 3131 Romanorum
1305 3087 1552 3130 societatem
1581 3099 1675 3128 sese
1706 3086 1960 3130 contulerat.
2019 3086 2061 3128 Is
2090 3085 2190 3128 mihi

347 3143 651 3194 asseveravit,
707 3144 815 3186 ultra
844 3157 946 3186 snae
984 3144 1156 3186 ditionis
1184 3144 1293 3187 fines
1342 3143 1624 3200 longissimam
1662 3142 1927 3185 solitudinem
1974 3157 2094 3194 esse,
2137 3158 2189 3186 ac

364 3202 519 3245 deinde
546 3201 755 3244 hominum
784 3213 943 3255 genuS,
972 3200 1041 3242 cui
1070 3215 1154 3243 non
1183 3208 1292 3254 atra,
1319 3208 1369 3244 u't
1393 3199 1567 3253 Mauris,
1596 3200 1675 3243 sed
1705 3199 1884 3242 candida
1910 3199 1968 3242 sit
1997 3200 2106 3243 cutis
2135 3214 2188 3243 ac
2250 3196 2251 3201 ’

362 3257 480 3302 flava
508 3257 733 3302 caesaries.
792 3259 915 3299 Haec
941 3258 1164 3300 hactenus.

477 3316 566 3359 Iam
606 3329 709 3358 vero
752 3315 951 3357 Salomon
992 3314 1155 3356 Mauris
1195 3313 1322 3357 sociis
1359 3327 1549 3370 magnam
1588 3313 1796 3370 pecuniae
1831 3312 1913 3356 vim
1945 3312 2187 3367 dilargitus,

368 3385 527 3429 eosque
556 3372 681 3416 enixe
712 3373 932 3423 hortatus,
974 3370 1017 3413 in
1047 3377 1225 3413 montem
1254 3373 1477 3414 Aurasium
1506 3373 1653 3427 copias
1682 3384 1825 3414 omnes
1853 3370 2075 3421 subducit,
2118 3370 2187 3412 in-
2253 3384 2254 3425 ;

368 3434 532 3473 structa
559 3430 681 3482 acie,
733 3443 783 3472 eo
813 3428 883 3472 die
913 3441 1008 3471 cum
1048 3429 1172 3471 hoste
1205 3428 1492 3471 conflicturum
1520 3443 1567 3471 se
1595 3435 1742 3483 ratus,
1787 3434 1831 3470 et
1871 3442 1948 3484 pro
1981 3428 2180 3469 fortunae
2253 3432 2254 3471 1

366 3486 546 3532 arbitrio
575 3487 857 3531 decreturum.
906 3485 1189 3538 Quamobrem
1215 3485 1372 3529 milites
1400 3501 1480 3530 nec
1507 3485 1590 3529 sibi
1617 3501 1697 3530 nec
1725 3485 1847 3543 equis
1875 3484 2037 3528 affatim
2068 3497 2183 3526 com-
