<?xml version="1.0" encoding="UTF-8"?>
<!DOCTYPE html PUBLIC "-//W3C//DTD XHTML 1.0 Transitional//EN"
    "http://www.w3.org/TR/xhtml1/DTD/xhtml1-transitional.dtd">
<html xmlns="http://www.w3.org/1999/xhtml" xml:lang="en" lang="en">
 <head>
  <title>
</title>
<meta http-equiv="Content-Type" content="text/html;charset=utf-8" />
  <meta name='ocr-system' content='tesseract 3.04.00' />
  <meta name='ocr-capabilities' content='ocr_page ocr_carea ocr_par ocr_line ocrx_word'/>
</head>
<body>
  <div class='ocr_page' id='page_1' title='image "./corpusscriptorum43niebuoft/corpusscriptorum43niebuoft_0316.png"; bbox 0 0 2254 3814; ppageno 0'>
   <div class='ocr_carea' id='block_1_1' title="bbox 329 158 1414 219">
    <p class='ocr_par' dir='ltr' id='par_1_1' title="bbox 329 158 1414 219">
     <span class='ocr_line' id='line_1_1' title="bbox 329 158 1414 219; baseline -0.005 -2"><span class='ocrx_word' id='word_1_1' title='bbox 329 161 449 219; x_wconf 83' lang='lat'>294</span> <span class='ocrx_word' id='word_1_2' title='bbox 1078 158 1414 214; x_wconf 91' lang='lat' dir='ltr'>PROCOPII</span> 
     </span>
    </p>
   </div>
   <div class='ocr_carea' id='block_1_2' title="bbox 167 297 2235 2237">
    <p class='ocr_par' dir='ltr' id='par_1_2' title="bbox 167 297 2235 2237">
     <span class='ocr_line' id='line_1_2' title="bbox 328 297 2142 373; baseline -0.001 -17"><span class='ocrx_word' id='word_1_3' title='bbox 328 302 766 373; x_wconf 76' lang='grc' dir='ltr'><em>ἀποπειρωμένους</em></span> <span class='ocrx_word' id='word_1_4' title='bbox 800 298 1111 353; x_wconf 76' lang='grc' dir='ltr'><strong><em>ἀνέστελλον.</em></strong></span> <span class='ocrx_word' id='word_1_5' title='bbox 1195 300 1398 370; x_wconf 86' lang='grc' dir='ltr'><em>Πέρσαι</em></span> <span class='ocrx_word' id='word_1_6' title='bbox 1445 300 1501 353; x_wconf 76' lang='grc' dir='ltr'>δὲ</span> <span class='ocrx_word' id='word_1_7' title='bbox 1552 298 1784 367; x_wconf 67' lang='grc' dir='ltr'><em>οὐδαμοῦ</em></span> <span class='ocrx_word' id='word_1_8' title='bbox 1830 297 2142 371; x_wconf 61' lang='grc' dir='ltr'><em>ὑπεχώρουν,</em></span> 
     </span>
     <span class='ocr_line' id='line_1_3' title="bbox 329 380 2143 454; baseline -0.001 -14"><span class='ocrx_word' id='word_1_9' title='bbox 329 388 458 440; x_wconf 79' lang='grc' dir='ltr'><em>ἀλλὰ</em></span> <span class='ocrx_word' id='word_1_10' title='bbox 498 387 617 445; x_wconf 78' lang='grc' dir='ltr'><em>τούς</em></span> <span class='ocrx_word' id='word_1_11' title='bbox 654 384 998 451; x_wconf 75' lang='grc' dir='ltr'><em>κτεινομένους</em></span> <span class='ocrx_word' id='word_1_12' title='bbox 1035 384 1110 437; x_wconf 81' lang='grc' dir='ltr'>ἀεὶ</span> <span class='ocrx_word' id='word_1_13' title='bbox 1152 384 1311 453; x_wconf 69' lang='grc' dir='ltr'><em>ἕτεροι</em></span> <span class='ocrx_word' id='word_1_14' title='bbox 1346 380 1658 454; x_wconf 76' lang='grc' dir='ltr'><em>ἐκδεχόμενοι</em></span> <span class='ocrx_word' id='word_1_15' title='bbox 1697 381 1874 454; x_wconf 89' lang='grc' dir='ltr'><em>πρόσω</em></span> <span class='ocrx_word' id='word_1_16' title='bbox 1903 382 2143 454; x_wconf 68' lang='grc' dir='ltr'><em>ἐχώρουν,</em></span> 
     </span>
     <span class='ocr_line' id='line_1_4' title="bbox 328 466 2147 538; baseline -0.001 -14"><span class='ocrx_word' id='word_1_17' title='bbox 328 473 478 524; x_wconf 82' lang='grc' dir='ltr'><em>παντὶ</em></span> <span class='ocrx_word' id='word_1_18' title='bbox 514 469 686 522; x_wconf 87' lang='grc' dir='ltr'><em>σθένει</em></span> <span class='ocrx_word' id='word_1_19' title='bbox 731 468 823 536; x_wconf 86' lang='grc' dir='ltr'>τὴν</span> <span class='ocrx_word' id='word_1_20' title='bbox 859 468 1057 522; x_wconf 76' lang='grc' dir='ltr'><em>εἴσοδον</em></span> <span class='ocrx_word' id='word_1_21' title='bbox 1095 466 1401 535; x_wconf 87' lang='grc' dir='ltr'><em>βιαζόμενοι.</em></span> <span class='ocrx_word' id='word_1_22' title='bbox 1498 467 1783 536; x_wconf 72' lang='grc' dir='ltr'><em>θνήσκουσι</em></span> <span class='ocrx_word' id='word_1_23' title='bbox 1817 469 1910 536; x_wconf 76' lang='grc' dir='ltr'><em>μὲν</em></span> <span class='ocrx_word' id='word_1_24' title='bbox 1945 471 2147 538; x_wconf 88' lang='grc' dir='ltr'><em>Πέρσαι</em></span> 
     </span>
     <span class='ocr_line' id='line_1_5' title="bbox 327 551 2146 622; baseline -0.001 -14"><span class='ocrx_word' id='word_1_25' title='bbox 327 555 475 608; x_wconf 80' lang='grc' dir='ltr'><em>πλέον</em></span> <span class='ocrx_word' id='word_1_26' title='bbox 518 553 549 621; x_wconf 82' lang='grc' dir='ltr'>ἢ</span> <span class='ocrx_word' id='word_1_27' title='bbox 589 555 775 621; x_wconf 83' lang='grc' dir='ltr'><em>χίλιοι,</em></span> <span class='ocrx_word' id='word_1_28' title='bbox 829 554 1103 616; x_wconf 88' lang='grc' dir='ltr'><em>κτείνοντες</em></span> <span class='ocrx_word' id='word_1_29' title='bbox 1127 555 1182 607; x_wconf 85' lang='grc' dir='ltr'>δὲ</span> <span class='ocrx_word' id='word_1_30' title='bbox 1214 551 1452 622; x_wconf 83' lang='grc' dir='ltr'><em>Ῥωμαῖοι</em></span> <span class='ocrx_word' id='word_1_31' title='bbox 1479 553 1722 620; x_wconf 86' lang='grc' dir='ltr'><em>ἀπεῖπον,</em></span> <span class='ocrx_word' id='word_1_32' title='bbox 1748 558 1841 607; x_wconf 81' lang='grc' dir='ltr'><em>τοῦ</em></span> <span class='ocrx_word' id='word_1_33' title='bbox 1878 574 1932 606; x_wconf 87' lang='grc' dir='ltr'><em>τε</em></span> <span class='ocrx_word' id='word_1_34' title='bbox 1969 551 2146 621; x_wconf 82' lang='grc' dir='ltr'><em>ὁμίλου</em></span> 
     </span>
     <span class='ocr_line' id='line_1_6' title="bbox 262 635 2189 709; baseline -0.001 -17"><span class='ocrx_word' id='word_1_35' title='bbox 262 657 300 698; x_wconf 86' lang='lat' dir='ltr'>c</span> <span class='ocrx_word' id='word_1_36' title='bbox 329 644 464 709; x_wconf 80' lang='grc' dir='ltr'><em>σφᾶς</em></span> <span class='ocrx_word' id='word_1_37' title='bbox 499 638 799 705; x_wconf 77' lang='grc' dir='ltr'><em>βιαζομένου</em></span> <span class='ocrx_word' id='word_1_38' title='bbox 834 635 1170 707; x_wconf 78' lang='grc' dir='ltr'><em>ὗπεχιόρησάν</em></span> <span class='ocrx_word' id='word_1_39' title='bbox 1218 660 1272 692; x_wconf 88' lang='grc' dir='ltr'><em>τε</em></span> <span class='ocrx_word' id='word_1_40' title='bbox 1313 641 1398 692; x_wconf 84' lang='grc' dir='ltr'><em>καὶ</em></span> <span class='ocrx_word' id='word_1_41' title='bbox 1443 640 1496 701; x_wconf 76' lang='grc' dir='ltr'><em>ἐς</em></span> <span class='ocrx_word' id='word_1_42' title='bbox 1531 644 1634 692; x_wconf 85' lang='grc' dir='ltr'>τῶν</span> <span class='ocrx_word' id='word_1_43' title='bbox 1675 640 1835 709; x_wconf 73' lang='grc' dir='ltr'><em>ἐκείνῃ</em></span> <span class='ocrx_word' id='word_1_44' title='bbox 1875 637 2008 708; x_wconf 86' lang='grc' dir='ltr'><em>ὀρῶν</em></span> <span class='ocrx_word' id='word_1_45' title='bbox 2055 638 2189 701; x_wconf 82' lang='grc' dir='ltr'><em>τὰς5</em></span> 
     </span>
     <span class='ocr_line' id='line_1_7' title="bbox 323 720 2151 793; baseline 0 -17"><span class='ocrx_word' id='word_1_46' title='bbox 323 722 614 793; x_wconf 74' lang='grc' dir='ltr'><em>ὑπερβολὰς</em></span> <span class='ocrx_word' id='word_1_47' title='bbox 655 720 1034 793; x_wconf 74' lang='grc' dir='ltr'><em>ἀναδραμόντες</em></span> <span class='ocrx_word' id='word_1_48' title='bbox 1070 721 1411 792; x_wconf 84' lang='grc' dir='ltr'><em>διεσώθησαν.</em></span> <span class='ocrx_word' id='word_1_49' title='bbox 1482 729 1662 776; x_wconf 53' lang='grc' dir='ltr'><em>’ταῦτα</em></span> <span class='ocrx_word' id='word_1_50' title='bbox 1687 726 2013 793; x_wconf 84' lang='grc' dir='ltr'><em>Λαγισθαῖος</em></span> <span class='ocrx_word' id='word_1_51' title='bbox 2044 746 2151 791; x_wconf 88' lang='grc' dir='ltr'><em>μα-</em></span> 
     </span>
     <span class='ocr_line' id='line_1_8' title="bbox 323 807 2149 881; baseline 0 -20"><span class='ocrx_word' id='word_1_52' title='bbox 323 809 438 861; x_wconf 81' lang='grc' dir='ltr'><em>θών</em></span> <span class='ocrx_word' id='word_1_53' title='bbox 476 807 658 861; x_wconf 79' lang='grc' dir='ltr'><em>αὐτίκα</em></span> <span class='ocrx_word' id='word_1_54' title='bbox 693 808 783 874; x_wconf 75' lang='grc' dir='ltr'>τὴν</span> <span class='ocrx_word' id='word_1_55' title='bbox 827 811 1157 878; x_wconf 86' lang='grc' dir='ltr'><em>προσεδρειάν</em></span> <span class='ocrx_word' id='word_1_56' title='bbox 1190 810 1439 874; x_wconf 82' lang='grc' dir='ltr'><em>διέλυσεν,</em></span> <span class='ocrx_word' id='word_1_57' title='bbox 1501 807 1648 861; x_wconf 78' lang='grc' dir='ltr'><em>οὐδὲν</em></span> <span class='ocrx_word' id='word_1_58' title='bbox 1681 814 1753 881; x_wconf 78' lang='grc' dir='ltr'><em>τῷ</em></span> <span class='ocrx_word' id='word_1_59' title='bbox 1795 813 2001 879; x_wconf 77' lang='grc' dir='ltr'><em>στρατῷ</em></span> <span class='ocrx_word' id='word_1_60' title='bbox 2043 808 2149 861; x_wconf 68' lang='grc' dir='ltr'><em>ἔπι-</em></span> 
     </span>
     <span class='ocr_line' id='line_1_9' title="bbox 324 890 2151 962; baseline -0.002 -16"><span class='ocrx_word' id='word_1_61' title='bbox 324 894 550 957; x_wconf 81' lang='grc' dir='ltr'><em>στείλας,</em></span> <span class='ocrx_word' id='word_1_62' title='bbox 613 894 692 944; x_wconf 74' lang='grc' dir='ltr'><em>ἐπὶ</em></span> <span class='ocrx_word' id='word_1_63' title='bbox 741 895 909 946; x_wconf 78' lang='grc' dir='ltr'><em>Φᾶσίν</em></span> <span class='ocrx_word' id='word_1_64' title='bbox 942 914 996 945; x_wconf 88' lang='grc' dir='ltr'><em>τε</em></span> <span class='ocrx_word' id='word_1_65' title='bbox 1033 894 1266 960; x_wconf 85' lang='grc' dir='ltr'><em>ποταμὸν</em></span> <span class='ocrx_word' id='word_1_66' title='bbox 1307 893 1520 962; x_wconf 73' lang='grc' dir='ltr'><em>ἤλαυνε·</em></span> <span class='ocrx_word' id='word_1_67' title='bbox 1567 894 1655 946; x_wconf 82' lang='grc' dir='ltr'><em>καί</em></span> <span class='ocrx_word' id='word_1_68' title='bbox 1680 894 1728 946; x_wconf 78' lang='grc' dir='ltr'>οἱ</span> <span class='ocrx_word' id='word_1_69' title='bbox 1761 890 1999 958; x_wconf 79' lang='grc' dir='ltr'><em>Ῥωμαῖοι</em></span> <span class='ocrx_word' id='word_1_70' title='bbox 2022 891 2151 959; x_wconf 80' lang='grc' dir='ltr'><em>ξύμ-</em></span> 
     </span>
     <span class='ocr_line' id='line_1_10' title="bbox 323 975 2149 1050; baseline 0 -20"><span class='ocrx_word' id='word_1_71' title='bbox 323 998 507 1039; x_wconf 89' lang='grc' dir='ltr'><em>παντες</em></span> <span class='ocrx_word' id='word_1_72' title='bbox 531 980 748 1043; x_wconf 78' lang='grc' dir='ltr'><em>εἵποντο,</em></span> <span class='ocrx_word' id='word_1_73' title='bbox 793 978 858 1031; x_wconf 81' lang='grc' dir='ltr'><em>τὰ</em></span> <span class='ocrx_word' id='word_1_74' title='bbox 883 977 1102 1049; x_wconf 85' lang='grc' dir='ltr'><em>σφέτερα</em></span> <span class='ocrx_word' id='word_1_75' title='bbox 1131 977 1301 1031; x_wconf 80' lang='grc' dir='ltr'><em>αὐτῶν</em></span> <span class='ocrx_word' id='word_1_76' title='bbox 1327 979 1379 1030; x_wconf 77' lang='grc' dir='ltr'><em>ἐν</em></span> <span class='ocrx_word' id='word_1_77' title='bbox 1404 983 1476 1050; x_wconf 80' lang='grc' dir='ltr'><em>τῷ</em></span> <span class='ocrx_word' id='word_1_78' title='bbox 1507 977 1844 1050; x_wconf 80' lang='grc' dir='ltr'><em>στρατοπέδῳ</em></span> <span class='ocrx_word' id='word_1_79' title='bbox 1873 975 2149 1030; x_wconf 86' lang='grc' dir='ltr'><em>ἀπολιπόν-</em></span> 
     </span>
     <span class='ocr_line' id='line_1_11' title="bbox 322 1060 2220 1134; baseline 0.001 -18"><span class='ocrx_word' id='word_1_80' title='bbox 322 1083 419 1124; x_wconf 84' lang='grc' dir='ltr'><em>τες.</em></span> <span class='ocrx_word' id='word_1_81' title='bbox 506 1062 706 1132; x_wconf 85' lang='grc' dir='ltr'><em>Πέρσαι</em></span> <span class='ocrx_word' id='word_1_82' title='bbox 741 1064 797 1114; x_wconf 79' lang='grc' dir='ltr'>δὲ</span> <span class='ocrx_word' id='word_1_83' title='bbox 829 1063 895 1115; x_wconf 76' lang='grc' dir='ltr'><em>τὰ</em></span> <span class='ocrx_word' id='word_1_84' title='bbox 926 1060 1203 1130; x_wconf 81' lang='grc' dir='ltr'><em>ποιούμενα</em></span> <span class='ocrx_word' id='word_1_85' title='bbox 1227 1060 1516 1124; x_wconf 82' lang='grc' dir='ltr'><em>κατιδόντες</em></span> <span class='ocrx_word' id='word_1_86' title='bbox 1539 1061 1631 1124; x_wconf 80' lang='grc' dir='ltr'>τάς</span> <span class='ocrx_word' id='word_1_87' title='bbox 1654 1084 1707 1115; x_wconf 92' lang='grc' dir='ltr'><em>τε</em></span> <span class='ocrx_word' id='word_1_88' title='bbox 1736 1060 1899 1123; x_wconf 81' lang='grc' dir='ltr'><em>πύλας</em></span> <span class='ocrx_word' id='word_1_89' title='bbox 1929 1062 2147 1134; x_wconf 79' lang='grc' dir='ltr'><em>ἀνέῳγον</em></span> <span class='ocrx_word' id='word_1_90' title='bbox 2166 1078 2220 1119; x_wconf 91' lang='grc'>10</span> 
     </span>
     <span class='ocr_line' id='line_1_12' title="bbox 322 1142 2151 1216; baseline -0.001 -14"><span class='ocrx_word' id='word_1_91' title='bbox 322 1149 407 1202; x_wconf 86' lang='grc' dir='ltr'><em>καὶ</em></span> <span class='ocrx_word' id='word_1_92' title='bbox 445 1145 799 1210; x_wconf 73' lang='grc' dir='ltr'><em>ἐπεξελθόντες</em></span> <span class='ocrx_word' id='word_1_93' title='bbox 840 1147 972 1214; x_wconf 81' lang='grc' dir='ltr'><em>ἀμφὶ</em></span> <span class='ocrx_word' id='word_1_94' title='bbox 1013 1148 1107 1208; x_wconf 80' lang='grc' dir='ltr'>τὰς</span> <span class='ocrx_word' id='word_1_95' title='bbox 1144 1144 1378 1212; x_wconf 77' lang='grc' dir='ltr'><em>καλύβας</em></span> <span class='ocrx_word' id='word_1_96' title='bbox 1415 1152 1517 1200; x_wconf 81' lang='grc' dir='ltr'>τῶν</span> <span class='ocrx_word' id='word_1_97' title='bbox 1550 1148 1803 1214; x_wconf 86' lang='grc' dir='ltr'><em>πολεμίων</em></span> <span class='ocrx_word' id='word_1_98' title='bbox 1831 1142 2032 1216; x_wconf 72' lang='grc' dir='ltr'><em>ἦλθον,</em></span> <span class='ocrx_word' id='word_1_99' title='bbox 2082 1145 2151 1210; x_wconf 79' lang='grc' dir='ltr'><em>ὥς</em></span> 
     </span>
     <span class='ocr_line' id='line_1_13' title="bbox 318 1229 2148 1305; baseline -0.001 -20"><span class='ocrx_word' id='word_1_100' title='bbox 318 1231 377 1285; x_wconf 76' lang='lat' dir='ltr'>‘td</span> <span class='ocrx_word' id='word_1_101' title='bbox 403 1229 749 1302; x_wconf 86' lang='grc' dir='ltr'><em>στρατόπεδον</em></span> <span class='ocrx_word' id='word_1_102' title='bbox 774 1229 1138 1300; x_wconf 75' lang='grc' dir='ltr'><em>ἐξαιρήσοντες.</em></span> <span class='ocrx_word' id='word_1_103' title='bbox 1229 1230 1416 1295; x_wconf 79' lang='grc' dir='ltr'><em>Τζάνοι</em></span> <span class='ocrx_word' id='word_1_104' title='bbox 1439 1232 1493 1283; x_wconf 78' lang='grc' dir='ltr'>δὲ</span> <span class='ocrx_word' id='word_1_105' title='bbox 1519 1229 1674 1300; x_wconf 78' lang='grc' dir='ltr'><em>(οὐδὲ</em></span> <span class='ocrx_word' id='word_1_106' title='bbox 1702 1232 1799 1302; x_wconf 77' lang='grc' dir='ltr'>γὰρ</span> <span class='ocrx_word' id='word_1_107' title='bbox 1837 1234 2148 1305; x_wconf 77' lang='grc' dir='ltr'><em>Δαγισθαίῳ</em></span> 
     </span>
     <span class='ocr_line' id='line_1_14' title="bbox 320 1312 2150 1389; baseline 0.002 -21"><span class='ocrx_word' id='word_1_108' title='bbox 320 1315 643 1383; x_wconf 74' lang='grc' dir='ltr'><em>ἐπισπόμενοι</em></span> <span class='ocrx_word' id='word_1_109' title='bbox 680 1316 893 1383; x_wconf 69' lang='grc' dir='ltr'><em>ἔτυχον)</em></span> <span class='ocrx_word' id='word_1_110' title='bbox 928 1313 1188 1384; x_wconf 74' lang='grc' dir='ltr'><em>ἐβοήθουν</em></span> <span class='ocrx_word' id='word_1_111' title='bbox 1217 1316 1448 1368; x_wconf 77' lang='grc' dir='ltr'><em>ἐνταῦθα</em></span> <span class='ocrx_word' id='word_1_112' title='bbox 1487 1312 1703 1389; x_wconf 78' lang='grc' dir='ltr'><em>δρόμῳ,</em></span> <span class='ocrx_word' id='word_1_113' title='bbox 1767 1314 2082 1386; x_wconf 75' lang='grc' dir='ltr'><em>τρεψάμενοί</em></span> <span class='ocrx_word' id='word_1_114' title='bbox 2097 1339 2150 1371; x_wconf 84' lang='grc' dir='ltr'><em>τε</em></span> 
     </span>
     <span class='ocr_line' id='line_1_15' title="bbox 323 1396 2234 1474; baseline 0.001 -21"><span class='ocrx_word' id='word_1_115' title='bbox 323 1398 464 1474; x_wconf 74' lang='grc' dir='ltr'><em>πόνῳ</em></span> <span class='ocrx_word' id='word_1_116' title='bbox 489 1400 655 1454; x_wconf 78' lang='grc' dir='ltr'><em>οὐδενὶ</em></span> <span class='ocrx_word' id='word_1_117' title='bbox 697 1401 819 1463; x_wconf 73' lang='grc' dir='ltr'><em>τοὺς</em></span> <span class='ocrx_word' id='word_1_118' title='bbox 855 1402 1126 1468; x_wconf 80' lang='grc' dir='ltr'><em>πολεμίους</em></span> <span class='ocrx_word' id='word_1_119' title='bbox 1167 1400 1390 1462; x_wconf 74' lang='grc' dir='ltr'><em>πολλοὺς</em></span> <span class='ocrx_word' id='word_1_120' title='bbox 1410 1399 1645 1455; x_wconf 66' lang='grc' dir='ltr'><em>ἔκτειναν.</em></span> <span class='ocrx_word' id='word_1_121' title='bbox 1720 1402 1919 1471; x_wconf 89' lang='grc' dir='ltr'><em>Πέρσαι</em></span> <span class='ocrx_word' id='word_1_122' title='bbox 1940 1403 2032 1469; x_wconf 81' lang='grc' dir='ltr'><em>μὲν</em></span> <span class='ocrx_word' id='word_1_123' title='bbox 2061 1396 2151 1455; x_wconf 76' lang='grc' dir='ltr'><em>οὖν</em></span> <span class='ocrx_word' id='word_1_124' title='bbox 2232 1465 2234 1472; x_wconf 30' lang='lat'><em>¹</em></span> 
     </span>
     <span class='ocr_line' id='line_1_16' title="bbox 254 1483 2235 1556; baseline 0.002 -18"><span class='ocrx_word' id='word_1_125' title='bbox 254 1483 294 1527; x_wconf 84' lang='lat' dir='ltr'>D</span> <span class='ocrx_word' id='word_1_126' title='bbox 322 1484 591 1556; x_wconf 77' lang='grc' dir='ltr'><em>φεύγοντες</em></span> <span class='ocrx_word' id='word_1_127' title='bbox 624 1485 766 1548; x_wconf 74' lang='grc' dir='ltr'><em>ἐντὸς</em></span> <span class='ocrx_word' id='word_1_128' title='bbox 803 1491 895 1539; x_wconf 85' lang='grc' dir='ltr'><em>τοῦ</em></span> <span class='ocrx_word' id='word_1_129' title='bbox 931 1484 1202 1556; x_wconf 89' lang='grc' dir='ltr'><em>περιβόλου</em></span> <span class='ocrx_word' id='word_1_130' title='bbox 1239 1486 1494 1556; x_wconf 74' lang='grc' dir='ltr'><em>ἐγένοντο,</em></span> <span class='ocrx_word' id='word_1_131' title='bbox 1555 1483 1741 1551; x_wconf 80' lang='grc' dir='ltr'><em>Τζάνοι</em></span> <span class='ocrx_word' id='word_1_132' title='bbox 1778 1488 1834 1539; x_wconf 76' lang='grc' dir='ltr'>δὲ</span> <span class='ocrx_word' id='word_1_133' title='bbox 1859 1485 2149 1556; x_wconf 81' lang='grc' dir='ltr'><em>ληισάμενοι</em></span> <span class='ocrx_word' id='word_1_134' title='bbox 2167 1495 2235 1555; x_wconf 61' lang='lat' dir='ltr'>1⁵ss</span> 
     </span>
     <span class='ocr_line' id='line_1_17' title="bbox 316 1567 2151 1642; baseline 0.002 -19"><span class='ocrx_word' id='word_1_135' title='bbox 316 1571 377 1623; x_wconf 84' lang='grc' dir='ltr'><em>τὸ</em></span> <span class='ocrx_word' id='word_1_136' title='bbox 414 1567 677 1638; x_wconf 88' lang='grc' dir='ltr'><em>Ῥωμαίων</em></span> <span class='ocrx_word' id='word_1_137' title='bbox 716 1567 1065 1641; x_wconf 86' lang='grc' dir='ltr'><em>στρατόπεδον</em></span> <span class='ocrx_word' id='word_1_138' title='bbox 1101 1571 1230 1626; x_wconf 81' lang='grc' dir='ltr'><em>εὗθὺ</em></span> <span class='ocrx_word' id='word_1_139' title='bbox 1259 1577 1352 1624; x_wconf 82' lang='grc' dir='ltr'><em>τοῦ</em></span> <span class='ocrx_word' id='word_1_140' title='bbox 1388 1568 1602 1636; x_wconf 81' lang='grc' dir='ltr'><em>Ῥιζαίου</em></span> <span class='ocrx_word' id='word_1_141' title='bbox 1632 1570 1912 1642; x_wconf 77' lang='grc' dir='ltr'><em>ἐχώρησαν.</em></span> <span class='ocrx_word' id='word_1_142' title='bbox 2003 1571 2151 1626; x_wconf 67' lang='grc' dir='ltr'><em>ἔνθεν</em></span> 
     </span>
     <span class='ocr_line' id='line_1_18' title="bbox 318 1652 2151 1729; baseline 0.003 -23"><span class='ocrx_word' id='word_1_143' title='bbox 318 1656 375 1707; x_wconf 79' lang='grc' dir='ltr'>δὲ</span> <span class='ocrx_word' id='word_1_144' title='bbox 427 1655 479 1717; x_wconf 78' lang='grc' dir='ltr'><em>ές</em></span> <span class='ocrx_word' id='word_1_145' title='bbox 521 1652 749 1725; x_wconf 79' lang='grc' dir='ltr'><em>Ἀθήνας</em></span> <span class='ocrx_word' id='word_1_146' title='bbox 789 1653 1026 1719; x_wconf 78' lang='grc' dir='ltr'><em>ἐλθόντες</em></span> <span class='ocrx_word' id='word_1_147' title='bbox 1064 1657 1150 1710; x_wconf 80' lang='grc' dir='ltr'>διὰ</span> <span class='ocrx_word' id='word_1_148' title='bbox 1200 1657 1620 1729; x_wconf 81' lang='grc' dir='ltr'><em>Τραπεζουντίων</em></span> <span class='ocrx_word' id='word_1_149' title='bbox 1659 1656 1742 1709; x_wconf 77' lang='grc' dir='ltr'><em>ἐπ’</em></span> <span class='ocrx_word' id='word_1_150' title='bbox 1789 1657 1930 1711; x_wconf 78' lang='grc' dir='ltr'><em>οἴκου</em></span> <span class='ocrx_word' id='word_1_151' title='bbox 1967 1657 2151 1711; x_wconf 86' lang='grc' dir='ltr'><em>ἀπεκο-</em></span> 
     </span>
     <span class='ocr_line' id='line_1_19' title="bbox 316 1741 2008 1810; baseline 0.001 -18"><span class='ocrx_word' id='word_1_152' title='bbox 316 1741 601 1810; x_wconf 85' lang='grc' dir='ltr'><em>μίσθησαν.</em></span> <span class='ocrx_word' id='word_1_153' title='bbox 2006 1795 2008 1804; x_wconf 68' lang='grc'>,</span> 
     </span>
     <span class='ocr_line' id='line_1_20' title="bbox 483 1819 2150 1902; baseline 0.001 -23"><span class='ocrx_word' id='word_1_154' title='bbox 483 1819 794 1895; x_wconf 82' lang='grc' dir='ltr'><em>Μερμερόης</em></span> <span class='ocrx_word' id='word_1_155' title='bbox 820 1826 875 1879; x_wconf 77' lang='grc' dir='ltr'>δὲ</span> <span class='ocrx_word' id='word_1_156' title='bbox 897 1827 981 1879; x_wconf 79' lang='grc' dir='ltr'><em>καὶ</em></span> <span class='ocrx_word' id='word_1_157' title='bbox 1007 1823 1034 1879; x_wconf 82' lang='grc' dir='ltr'><em>ὃ</em></span> <span class='ocrx_word' id='word_1_158' title='bbox 1062 1823 1267 1895; x_wconf 79' lang='grc' dir='ltr'><em>Μήδων</em></span> <span class='ocrx_word' id='word_1_159' title='bbox 1294 1826 1514 1897; x_wconf 78' lang='grc' dir='ltr'><em>στρατὸς</em></span> <span class='ocrx_word' id='word_1_160' title='bbox 1538 1827 1768 1880; x_wconf 76' lang='grc' dir='ltr'><em>ἐνταῦθα</em></span> <span class='ocrx_word' id='word_1_161' title='bbox 1795 1820 1960 1894; x_wconf 76' lang='grc' dir='ltr'><em>ἦλθον</em></span> <span class='ocrx_word' id='word_1_162' title='bbox 1984 1822 2150 1902; x_wconf 72' lang='grc' dir='ltr'><em>ἧμέρᾳ</em></span> 
     </span>
     <span class='ocr_line' id='line_1_21' title="bbox 315 1904 2230 1982; baseline 0.003 -20"><span class='ocrx_word' id='word_1_163' title='bbox 315 1909 446 1975; x_wconf 76' lang='grc' dir='ltr'><em>μετὰ</em></span> <span class='ocrx_word' id='word_1_164' title='bbox 474 1909 569 1978; x_wconf 87' lang='grc' dir='ltr'>τὴν</span> <span class='ocrx_word' id='word_1_165' title='bbox 594 1912 924 1979; x_wconf 77' lang='grc' dir='ltr'><em>Δαγισθαίου</em></span> <span class='ocrx_word' id='word_1_166' title='bbox 956 1908 1230 1981; x_wconf 76' lang='grc' dir='ltr'><em>ὖπαγωγὴν</em></span> <span class='ocrx_word' id='word_1_167' title='bbox 1257 1910 1437 1982; x_wconf 75' lang='grc' dir='ltr'><em>ἐνάτῃ·</em></span> <span class='ocrx_word' id='word_1_168' title='bbox 1497 1904 1558 1964; x_wconf 67' lang='grc' dir='ltr'>οὗ</span> <span class='ocrx_word' id='word_1_169' title='bbox 1597 1911 1661 1980; x_wconf 88' lang='grc' dir='ltr'>δὴ</span> <span class='ocrx_word' id='word_1_170' title='bbox 1698 1911 2230 1979; x_wconf 65' lang='grc' dir='ltr'><em>ἀπολελειμμένουςὲσ</em></span> 
     </span>
     <span class='ocr_line' id='line_1_22' title="bbox 167 1994 2148 2068; baseline 0.007 -30"><span class='ocrx_word' id='word_1_171' title='bbox 167 1995 209 2038; x_wconf 84' lang='grc' dir='ltr'><strong>Η</strong></span> <span class='ocrx_word' id='word_1_172' title='bbox 238 1999 295 2041; x_wconf 77' lang='lat'>89</span> <span class='ocrx_word' id='word_1_173' title='bbox 323 1994 378 2047; x_wconf 78' lang='grc' dir='ltr'>ἐκ</span> <span class='ocrx_word' id='word_1_174' title='bbox 403 1999 494 2047; x_wconf 81' lang='grc' dir='ltr'><em>τοῦ</em></span> <span class='ocrx_word' id='word_1_175' title='bbox 519 1998 741 2064; x_wconf 85' lang='grc' dir='ltr'><em>ΙΙερσῶν</em></span> <span class='ocrx_word' id='word_1_176' title='bbox 776 1998 1124 2066; x_wconf 78' lang='grc' dir='ltr'><em>φυλακτηρίου</em></span> <span class='ocrx_word' id='word_1_177' title='bbox 1164 1998 1484 2066; x_wconf 87' lang='grc' dir='ltr'><em>τραυματίας</em></span> <span class='ocrx_word' id='word_1_178' title='bbox 1506 1996 1599 2063; x_wconf 76' lang='grc' dir='ltr'><em>μὲν</em></span> <span class='ocrx_word' id='word_1_179' title='bbox 1635 1997 1717 2048; x_wconf 82' lang='grc' dir='ltr'><em>καὶ</em></span> <span class='ocrx_word' id='word_1_180' title='bbox 1743 1994 2042 2064; x_wconf 79' lang='grc' dir='ltr'><em>ἀπομάχους</em></span> <span class='ocrx_word' id='word_1_181' title='bbox 2067 2020 2148 2068; x_wconf 74' lang='grc' dir='ltr'>γε-</span> 
     </span>
     <span class='ocr_line' id='line_1_23' title="bbox 314 2074 2149 2152; baseline 0.003 -21"><span class='ocrx_word' id='word_1_182' title='bbox 314 2079 614 2147; x_wconf 71' lang='grc' dir='ltr'><em>γενημένους</em></span> <span class='ocrx_word' id='word_1_183' title='bbox 641 2077 950 2147; x_wconf 74' lang='grc' dir='ltr'><em>πεντήκοντα</em></span> <span class='ocrx_word' id='word_1_184' title='bbox 975 2083 1058 2133; x_wconf 80' lang='grc' dir='ltr'><em>καὶ</em></span> <span class='ocrx_word' id='word_1_185' title='bbox 1082 2084 1404 2152; x_wconf 86' lang='grc' dir='ltr'><em>τριακοσίους</em></span> <span class='ocrx_word' id='word_1_186' title='bbox 1427 2074 1573 2150; x_wconf 64' lang='grc' dir='ltr'><em>εὗρον</em></span> <span class='ocrx_word' id='word_1_187' title='bbox 1587 2121 1602 2145; x_wconf 86' lang='grc'><em>,</em></span> <span class='ocrx_word' id='word_1_188' title='bbox 1637 2080 1929 2151; x_wconf 85' lang='grc' dir='ltr'><em>ἀκραιφνεῖς</em></span> <span class='ocrx_word' id='word_1_189' title='bbox 1951 2084 2006 2135; x_wconf 76' lang='grc' dir='ltr'>δὲ</span> <span class='ocrx_word' id='word_1_190' title='bbox 2030 2105 2149 2136; x_wconf 78' lang='grc' dir='ltr'><em>πεν-</em></span> 
     </span>
     <span class='ocr_line' id='line_1_24' title="bbox 314 2161 2148 2237; baseline 0.004 -21"><span class='ocrx_word' id='word_1_191' title='bbox 314 2161 536 2232; x_wconf 84' lang='grc' dir='ltr'><em>τήκοντα</em></span> <span class='ocrx_word' id='word_1_192' title='bbox 571 2166 654 2216; x_wconf 81' lang='grc' dir='ltr'><em>καὶ</em></span> <span class='ocrx_word' id='word_1_193' title='bbox 682 2162 860 2218; x_wconf 69' lang='grc' dir='ltr'><em>ἑκατὸν</em></span> <span class='ocrx_word' id='word_1_194' title='bbox 880 2163 1095 2231; x_wconf 88' lang='grc' dir='ltr'><em>μόνους·</em></span> <span class='ocrx_word' id='word_1_195' title='bbox 1141 2167 1189 2219; x_wconf 77' lang='grc' dir='ltr'>οἳ</span> <span class='ocrx_word' id='word_1_196' title='bbox 1229 2167 1326 2237; x_wconf 78' lang='grc' dir='ltr'>γὰρ</span> <span class='ocrx_word' id='word_1_197' title='bbox 1365 2165 1511 2219; x_wconf 77' lang='grc' dir='ltr'><em>ἄλλοι</em></span> <span class='ocrx_word' id='word_1_198' title='bbox 1547 2165 1765 2228; x_wconf 81' lang='grc' dir='ltr'><em>ἅπαντες</em></span> <span class='ocrx_word' id='word_1_199' title='bbox 1796 2165 2148 2236; x_wconf 72' lang='grc' dir='ltr'><em>ἐτεθνήκεσαν.</em></span> 
     </span>
    </p>
   </div>
   <div class='ocr_carea' id='block_1_3' title="bbox 430 2295 2147 2416">
    <p class='ocr_par' dir='ltr' id='par_1_3' title="bbox 430 2295 2147 2416">
     <span class='ocr_line' id='line_1_25' title="bbox 430 2295 2147 2357; baseline 0.002 -14"><span class='ocrx_word' id='word_1_200' title='bbox 430 2301 500 2343; x_wconf 91' lang='grc'>16.</span> <span class='ocrx_word' id='word_1_201' title='bbox 532 2295 682 2354; x_wconf 77' lang='grc' dir='ltr'>εῧθύ]</span> <span class='ocrx_word' id='word_1_202' title='bbox 714 2300 855 2355; x_wconf 87' lang='lat' dir='ltr'>Vulgo</span> <span class='ocrx_word' id='word_1_203' title='bbox 889 2297 1052 2348; x_wconf 73' lang='grc' dir='ltr'><em>εὕθῦς.</em></span> <span class='ocrx_word' id='word_1_204' title='bbox 1195 2301 1301 2346; x_wconf 74' lang='lat' dir='ltr'>ibid.</span> <span class='ocrx_word' id='word_1_205' title='bbox 1345 2298 1480 2346; x_wconf 79' lang='grc' dir='ltr'><em>ἔνθεν</em></span> <span class='ocrx_word' id='word_1_206' title='bbox 1507 2297 1587 2357; x_wconf 75' lang='grc' dir='ltr'>δὲ]</span> <span class='ocrx_word' id='word_1_207' title='bbox 1631 2298 1823 2346; x_wconf 81' lang='grc' dir='ltr'><em>ἐνθένδε</em></span> <span class='ocrx_word' id='word_1_208' title='bbox 1852 2302 2147 2349; x_wconf 87' lang='lat' dir='ltr'>Hoeschelius.</span> 
     </span>
     <span class='ocr_line' id='line_1_26' title="bbox 431 2353 1652 2416; baseline 0 -16"><span class='ocrx_word' id='word_1_209' title='bbox 431 2358 503 2402; x_wconf 74' lang='lat'>20.</span> <span class='ocrx_word' id='word_1_210' title='bbox 534 2353 673 2414; x_wconf 77' lang='grc' dir='ltr'><em>ἐνάτῃ</em></span> <span class='ocrx_word' id='word_1_211' title='bbox 702 2357 753 2399; x_wconf 87' lang='lat' dir='ltr'>L.</span> <span class='ocrx_word' id='word_1_212' title='bbox 811 2357 976 2416; x_wconf 77' lang='grc' dir='ltr'><em>ἐννάτῃ</em></span> <span class='ocrx_word' id='word_1_213' title='bbox 1005 2358 1056 2400; x_wconf 90' lang='grc' dir='ltr'>Ρ.</span> <span class='ocrx_word' id='word_1_214' title='bbox 1648 2392 1652 2394; x_wconf 91' lang='grc'>.</span> 
     </span>
    </p>
   </div>
   <div class='ocr_carea' id='block_1_4' title="bbox 307 2466 2210 3496">
    <p class='ocr_par' dir='ltr' id='par_1_4' title="bbox 309 2466 2210 3203">
     <span class='ocr_line' id='line_1_27' title="bbox 312 2466 2210 2526; baseline 0.004 -16"><span class='ocrx_word' id='word_1_215' title='bbox 312 2470 430 2511; x_wconf 81' lang='lat' dir='ltr'>bent.</span> <span class='ocrx_word' id='word_1_216' title='bbox 490 2468 651 2512; x_wconf 85' lang='lat' dir='ltr'>Pedem</span> <span class='ocrx_word' id='word_1_217' title='bbox 681 2470 843 2514; x_wconf 82' lang='lat' dir='ltr'>Persae</span> <span class='ocrx_word' id='word_1_218' title='bbox 871 2484 1076 2526; x_wconf 85' lang='lat' dir='ltr'><strong>nusquam</strong></span> <span class='ocrx_word' id='word_1_219' title='bbox 1103 2472 1324 2515; x_wconf 83' lang='lat' dir='ltr'>referunt:</span> <span class='ocrx_word' id='word_1_220' title='bbox 1364 2471 1439 2515; x_wconf 88' lang='lat' dir='ltr'>sed</span> <span class='ocrx_word' id='word_1_221' title='bbox 1469 2471 1717 2516; x_wconf 75' lang='lat' dir='ltr'>cadentibus</span> <span class='ocrx_word' id='word_1_222' title='bbox 1745 2471 1817 2515; x_wconf 79' lang='lat' dir='ltr'>alii</span> <span class='ocrx_word' id='word_1_223' title='bbox 1847 2472 2047 2516; x_wconf 86' lang='lat' dir='ltr'>continuo</span> <span class='ocrx_word' id='word_1_224' title='bbox 2077 2478 2147 2517; x_wconf 78' lang='lat' dir='ltr'>at-</span> <span class='ocrx_word' id='word_1_225' title='bbox 2204 2466 2210 2474; x_wconf 53' lang='lat'><strong>¹</strong></span> 
     </span>
     <span class='ocr_line' id='line_1_28' title="bbox 313 2525 2146 2586; baseline 0.004 -20"><span class='ocrx_word' id='word_1_226' title='bbox 313 2539 397 2579; x_wconf 87' lang='lat' dir='ltr'>que</span> <span class='ocrx_word' id='word_1_227' title='bbox 437 2525 512 2568; x_wconf 79' lang='lat' dir='ltr'>alii</span> <span class='ocrx_word' id='word_1_228' title='bbox 549 2526 858 2579; x_wconf 86' lang='lat' dir='ltr'>succedentes,</span> <span class='ocrx_word' id='word_1_229' title='bbox 900 2528 1091 2584; x_wconf 88' lang='lat' dir='ltr'>totisque</span> <span class='ocrx_word' id='word_1_230' title='bbox 1134 2529 1297 2572; x_wconf 85' lang='lat' dir='ltr'>aditum</span> <span class='ocrx_word' id='word_1_231' title='bbox 1335 2529 1501 2572; x_wconf 84' lang='lat' dir='ltr'>viribus</span> <span class='ocrx_word' id='word_1_232' title='bbox 1541 2533 1865 2586; x_wconf 82' lang='lat' dir='ltr'>perrumpentes</span> <span class='ocrx_word' id='word_1_233' title='bbox 1894 2531 2146 2585; x_wconf 87' lang='lat' dir='ltr'>procedunt.</span> 
     </span>
     <span class='ocr_line' id='line_1_29' title="bbox 312 2582 2146 2638; baseline 0.004 -16"><span class='ocrx_word' id='word_1_234' title='bbox 312 2582 556 2637; x_wconf 87' lang='lat' dir='ltr'>Peremptis</span> <span class='ocrx_word' id='word_1_235' title='bbox 586 2584 683 2638; x_wconf 87' lang='lat' dir='ltr'>plus</span> <span class='ocrx_word' id='word_1_236' title='bbox 713 2584 825 2627; x_wconf 86' lang='lat' dir='ltr'>mille</span> <span class='ocrx_word' id='word_1_237' title='bbox 854 2585 1015 2638; x_wconf 82' lang='lat' dir='ltr'>Persis,</span> <span class='ocrx_word' id='word_1_238' title='bbox 1048 2586 1256 2628; x_wconf 84' lang='lat' dir='ltr'>fatiscunt</span> <span class='ocrx_word' id='word_1_239' title='bbox 1286 2585 1451 2628; x_wconf 78' lang='lat' dir='ltr'>edenda</span> <span class='ocrx_word' id='word_1_240' title='bbox 1479 2586 1612 2629; x_wconf 79' lang='lat' dir='ltr'>caede</span> <span class='ocrx_word' id='word_1_241' title='bbox 1638 2586 1839 2629; x_wconf 82' lang='lat' dir='ltr'>Romani:</span> <span class='ocrx_word' id='word_1_242' title='bbox 1870 2591 1956 2629; x_wconf 86' lang='lat' dir='ltr'>tum</span> <span class='ocrx_word' id='word_1_243' title='bbox 1989 2601 2015 2628; x_wconf 82' lang='lat' dir='ltr'><strong>a</strong></span> <span class='ocrx_word' id='word_1_244' title='bbox 2043 2602 2146 2630; x_wconf 90' lang='lat' dir='ltr'>con-</span> 
     </span>
     <span class='ocr_line' id='line_1_30' title="bbox 311 2638 2145 2698; baseline 0.003 -17"><span class='ocrx_word' id='word_1_245' title='bbox 311 2638 470 2681; x_wconf 86' lang='lat' dir='ltr'>fluente</span> <span class='ocrx_word' id='word_1_246' title='bbox 498 2639 766 2683; x_wconf 86' lang='lat' dir='ltr'>multitudine</span> <span class='ocrx_word' id='word_1_247' title='bbox 809 2655 887 2698; x_wconf 87' lang='lat' dir='ltr'>per</span> <span class='ocrx_word' id='word_1_248' title='bbox 914 2642 998 2684; x_wconf 84' lang='lat' dir='ltr'>vim</span> <span class='ocrx_word' id='word_1_249' title='bbox 1031 2644 1202 2695; x_wconf 81' lang='lat' dir='ltr'>exacti,</span> <span class='ocrx_word' id='word_1_250' title='bbox 1237 2642 1477 2686; x_wconf 84' lang='lat' dir='ltr'>subducunt</span> <span class='ocrx_word' id='word_1_251' title='bbox 1513 2656 1637 2695; x_wconf 71' lang='lat' dir='ltr'>sese3</span> <span class='ocrx_word' id='word_1_252' title='bbox 1682 2648 1727 2685; x_wconf 83' lang='lat' dir='ltr'>et</span> <span class='ocrx_word' id='word_1_253' title='bbox 1755 2657 1881 2685; x_wconf 87' lang='lat' dir='ltr'>cursu</span> <span class='ocrx_word' id='word_1_254' title='bbox 1912 2643 2145 2687; x_wconf 85' lang='lat' dir='ltr'>verticibus</span> 
     </span>
     <span class='ocr_line' id='line_1_31' title="bbox 311 2695 2145 2755; baseline 0.004 -18"><span class='ocrx_word' id='word_1_255' title='bbox 311 2695 513 2737; x_wconf 85' lang='lat' dir='ltr'>montium</span> <span class='ocrx_word' id='word_1_256' title='bbox 544 2697 792 2752; x_wconf 84' lang='lat' dir='ltr'>occupatis,</span> <span class='ocrx_word' id='word_1_257' title='bbox 834 2697 1064 2741; x_wconf 84' lang='lat' dir='ltr'>incolumes</span> <span class='ocrx_word' id='word_1_258' title='bbox 1094 2700 1295 2743; x_wconf 77' lang='lat' dir='ltr'>evadunt.</span> <span class='ocrx_word' id='word_1_259' title='bbox 1355 2701 1481 2752; x_wconf 79' lang='lat' dir='ltr'>Quae</span> <span class='ocrx_word' id='word_1_260' title='bbox 1522 2698 1643 2742; x_wconf 81' lang='lat' dir='ltr'>simul</span> <span class='ocrx_word' id='word_1_261' title='bbox 1672 2714 1724 2742; x_wconf 80' lang='lat' dir='ltr'>ac</span> <span class='ocrx_word' id='word_1_262' title='bbox 1751 2698 2041 2755; x_wconf 79' lang='lat' dir='ltr'>Dagisthaeus</span> <span class='ocrx_word' id='word_1_263' title='bbox 2071 2716 2145 2744; x_wconf 84' lang='lat' dir='ltr'>ac-</span> 
     </span>
     <span class='ocr_line' id='line_1_32' title="bbox 312 2751 2144 2809; baseline 0.004 -15"><span class='ocrx_word' id='word_1_264' title='bbox 312 2751 429 2807; x_wconf 85' lang='lat' dir='ltr'>cepit</span> <span class='ocrx_word' id='word_1_265' title='bbox 447 2782 460 2803; x_wconf 95' lang='lat'>‚</span> <span class='ocrx_word' id='word_1_266' title='bbox 499 2752 604 2795; x_wconf 83' lang='lat' dir='ltr'>nihil</span> <span class='ocrx_word' id='word_1_267' title='bbox 646 2753 816 2796; x_wconf 84' lang='lat' dir='ltr'>edicens</span> <span class='ocrx_word' id='word_1_268' title='bbox 842 2756 1094 2809; x_wconf 18' lang='lat' dir='ltr'>Nexercitui,</span> <span class='ocrx_word' id='word_1_269' title='bbox 1135 2757 1265 2799; x_wconf 85' lang='lat' dir='ltr'>solvit</span> <span class='ocrx_word' id='word_1_270' title='bbox 1293 2757 1578 2809; x_wconf 84' lang='lat' dir='ltr'>obsidionem,</span> <span class='ocrx_word' id='word_1_271' title='bbox 1618 2762 1663 2799; x_wconf 88' lang='lat' dir='ltr'>et</span> <span class='ocrx_word' id='word_1_272' title='bbox 1692 2757 1747 2799; x_wconf 81' lang='lat' dir='ltr'>ad</span> <span class='ocrx_word' id='word_1_273' title='bbox 1775 2755 1953 2799; x_wconf 82' lang='lat' dir='ltr'>fluvium</span> <span class='ocrx_word' id='word_1_274' title='bbox 1983 2757 2144 2801; x_wconf 83' lang='lat' dir='ltr'>Phasin</span> 
     </span>
     <span class='ocr_line' id='line_1_33' title="bbox 311 2808 2146 2870; baseline 0.005 -20"><span class='ocrx_word' id='word_1_275' title='bbox 311 2808 541 2851; x_wconf 84' lang='lat' dir='ltr'>contendit.</span> <span class='ocrx_word' id='word_1_276' title='bbox 599 2810 708 2852; x_wconf 89' lang='lat' dir='ltr'>Eum</span> <span class='ocrx_word' id='word_1_277' title='bbox 739 2811 916 2853; x_wconf 86' lang='lat' dir='ltr'>Romani</span> <span class='ocrx_word' id='word_1_278' title='bbox 946 2827 1088 2854; x_wconf 91' lang='lat' dir='ltr'>omnes</span> <span class='ocrx_word' id='word_1_279' title='bbox 1131 2813 1269 2856; x_wconf 85' lang='lat' dir='ltr'>secuti</span> <span class='ocrx_word' id='word_1_280' title='bbox 1306 2819 1435 2866; x_wconf 85' lang='lat' dir='ltr'>sunt,</span> <span class='ocrx_word' id='word_1_281' title='bbox 1475 2827 1558 2855; x_wconf 88' lang='lat' dir='ltr'>non</span> <span class='ocrx_word' id='word_1_282' title='bbox 1588 2818 1757 2870; x_wconf 85' lang='lat' dir='ltr'>sumpto</span> <span class='ocrx_word' id='word_1_283' title='bbox 1785 2814 1927 2868; x_wconf 82' lang='lat' dir='ltr'>spatio</span> <span class='ocrx_word' id='word_1_284' title='bbox 1958 2814 2012 2857; x_wconf 84' lang='lat' dir='ltr'>ad</span> <span class='ocrx_word' id='word_1_285' title='bbox 2042 2830 2146 2859; x_wconf 91' lang='lat' dir='ltr'>con-</span> 
     </span>
     <span class='ocr_line' id='line_1_34' title="bbox 311 2865 2145 2928; baseline 0.005 -22"><span class='ocrx_word' id='word_1_286' title='bbox 311 2865 556 2907; x_wconf 80' lang='lat' dir='ltr'>vasandum.</span> <span class='ocrx_word' id='word_1_287' title='bbox 616 2866 720 2908; x_wconf 88' lang='lat' dir='ltr'>Rem</span> <span class='ocrx_word' id='word_1_288' title='bbox 750 2868 911 2910; x_wconf 86' lang='lat' dir='ltr'>Persae</span> <span class='ocrx_word' id='word_1_289' title='bbox 940 2870 1244 2926; x_wconf 83' lang='lat' dir='ltr'>contemplati,</span> <span class='ocrx_word' id='word_1_290' title='bbox 1275 2878 1422 2926; x_wconf 78' lang='lat' dir='ltr'>portas</span> <span class='ocrx_word' id='word_1_291' title='bbox 1451 2870 1667 2928; x_wconf 82' lang='lat' dir='ltr'>pandunt,</span> <span class='ocrx_word' id='word_1_292' title='bbox 1696 2870 1905 2926; x_wconf 83' lang='lat' dir='ltr'>effusique</span> <span class='ocrx_word' id='word_1_293' title='bbox 1935 2872 2145 2916; x_wconf 84' lang='lat' dir='ltr'>accedunt</span> 
     </span>
     <span class='ocr_line' id='line_1_35' title="bbox 313 2921 2144 2984; baseline 0.005 -22"><span class='ocrx_word' id='word_1_294' title='bbox 313 2921 369 2964; x_wconf 83' lang='lat' dir='ltr'>ad</span> <span class='ocrx_word' id='word_1_295' title='bbox 398 2921 580 2963; x_wconf 85' lang='lat' dir='ltr'>hostium</span> <span class='ocrx_word' id='word_1_296' title='bbox 617 2923 917 2976; x_wconf 78' lang='lat' dir='ltr'>tabernacula,</span> <span class='ocrx_word' id='word_1_297' title='bbox 958 2931 1006 2968; x_wconf 86' lang='lat' dir='ltr'>ut</span> <span class='ocrx_word' id='word_1_298' title='bbox 1044 2934 1188 2968; x_wconf 82' lang='lat' dir='ltr'>castra</span> <span class='ocrx_word' id='word_1_299' title='bbox 1227 2927 1446 2984; x_wconf 80' lang='lat' dir='ltr'>diripiant.</span> <span class='ocrx_word' id='word_1_300' title='bbox 1505 2929 1747 2970; x_wconf 77' lang='lat' dir='ltr'>Accurrunt</span> <span class='ocrx_word' id='word_1_301' title='bbox 1790 2940 1841 2968; x_wconf 92' lang='lat' dir='ltr'>eo</span> <span class='ocrx_word' id='word_1_302' title='bbox 1872 2927 2011 2969; x_wconf 84' lang='lat' dir='ltr'>Tzani</span> <span class='ocrx_word' id='word_1_303' title='bbox 2043 2930 2144 2982; x_wconf 90' lang='lat' dir='ltr'>(ne-</span> 
     </span>
     <span class='ocr_line' id='line_1_36' title="bbox 311 2978 2142 3039; baseline 0.004 -19"><span class='ocrx_word' id='word_1_304' title='bbox 311 2991 394 3034; x_wconf 83' lang='lat' dir='ltr'>que</span> <span class='ocrx_word' id='word_1_305' title='bbox 423 2978 531 3020; x_wconf 88' lang='lat' dir='ltr'>enim</span> <span class='ocrx_word' id='word_1_306' title='bbox 561 2979 865 3033; x_wconf 77' lang='lat' dir='ltr'>Dagisthaeum</span> <span class='ocrx_word' id='word_1_307' title='bbox 894 2983 1033 3024; x_wconf 87' lang='lat' dir='ltr'>secuti</span> <span class='ocrx_word' id='word_1_308' title='bbox 1062 2984 1253 3038; x_wconf 82' lang='lat' dir='ltr'>fuerant)</span> <span class='ocrx_word' id='word_1_309' title='bbox 1284 2997 1336 3026; x_wconf 75' lang='lat' dir='ltr'>ac</span> <span class='ocrx_word' id='word_1_310' title='bbox 1363 2983 1492 3026; x_wconf 83' lang='lat' dir='ltr'>facile</span> <span class='ocrx_word' id='word_1_311' title='bbox 1520 2983 1659 3025; x_wconf 81' lang='lat' dir='ltr'>versis</span> <span class='ocrx_word' id='word_1_312' title='bbox 1687 2983 1730 3024; x_wconf 87' lang='lat' dir='ltr'>in</span> <span class='ocrx_word' id='word_1_313' title='bbox 1760 2983 1903 3039; x_wconf 83' lang='lat' dir='ltr'>fugam</span> <span class='ocrx_word' id='word_1_314' title='bbox 1934 2985 2142 3038; x_wconf 80' lang='lat' dir='ltr'>hostibus,</span> 
     </span>
     <span class='ocr_line' id='line_1_37' title="bbox 312 3035 2203 3092; baseline 0.004 -16"><span class='ocrx_word' id='word_1_315' title='bbox 312 3048 398 3078; x_wconf 90' lang='lat' dir='ltr'>non</span> <span class='ocrx_word' id='word_1_316' title='bbox 427 3049 586 3090; x_wconf 83' lang='lat' dir='ltr'>paucos</span> <span class='ocrx_word' id='word_1_317' title='bbox 616 3035 827 3081; x_wconf 86' lang='lat' dir='ltr'>occidunt.</span> <span class='ocrx_word' id='word_1_318' title='bbox 886 3038 1119 3092; x_wconf 84' lang='lat' dir='ltr'>Fugientes</span> <span class='ocrx_word' id='word_1_319' title='bbox 1145 3040 1304 3082; x_wconf 80' lang='lat' dir='ltr'>Persae</span> <span class='ocrx_word' id='word_1_320' title='bbox 1326 3040 1593 3083; x_wconf 85' lang='lat' dir='ltr'>committunt</span> <span class='ocrx_word' id='word_1_321' title='bbox 1620 3053 1668 3084; x_wconf 82' lang='lat' dir='ltr'>se</span> <span class='ocrx_word' id='word_1_322' title='bbox 1695 3040 1806 3082; x_wconf 87' lang='lat' dir='ltr'>urbi.</span> <span class='ocrx_word' id='word_1_323' title='bbox 1849 3041 2008 3083; x_wconf 85' lang='lat' dir='ltr'>-Tzani</span> <span class='ocrx_word' id='word_1_324' title='bbox 2036 3056 2140 3086; x_wconf 84' lang='lat' dir='ltr'>vero</span> <span class='ocrx_word' id='word_1_325' title='bbox 2200 3079 2203 3084; x_wconf 94' lang='grc'><em>,</em></span> 
     </span>
     <span class='ocr_line' id='line_1_38' title="bbox 311 3090 2139 3154; baseline 0.005 -22"><span class='ocrx_word' id='word_1_326' title='bbox 311 3090 504 3134; x_wconf 78' lang='lat' dir='ltr'>Romana</span> <span class='ocrx_word' id='word_1_327' title='bbox 543 3098 686 3134; x_wconf 81' lang='lat' dir='ltr'>castra</span> <span class='ocrx_word' id='word_1_328' title='bbox 724 3093 1007 3148; x_wconf 85' lang='lat' dir='ltr'>depraedati,</span> <span class='ocrx_word' id='word_1_329' title='bbox 1046 3102 1169 3138; x_wconf 86' lang='lat' dir='ltr'>recta</span> <span class='ocrx_word' id='word_1_330' title='bbox 1208 3097 1467 3148; x_wconf 86' lang='lat' dir='ltr'>Rhizaeum,</span> <span class='ocrx_word' id='word_1_331' title='bbox 1514 3096 1610 3139; x_wconf 83' lang='lat' dir='ltr'>hinc</span> <span class='ocrx_word' id='word_1_332' title='bbox 1667 3097 1886 3154; x_wconf 79' lang='lat' dir='ltr'>petierunt</span> <span class='ocrx_word' id='word_1_333' title='bbox 1921 3100 2139 3142; x_wconf 70' lang='lat' dir='ltr'>Athenasz</span> 
     </span>
     <span class='ocr_line' id='line_1_39' title="bbox 309 3148 1338 3203; baseline 0.005 -13"><span class='ocrx_word' id='word_1_334' title='bbox 309 3148 423 3192; x_wconf 88' lang='lat' dir='ltr'>unde</span> <span class='ocrx_word' id='word_1_335' title='bbox 456 3162 534 3202; x_wconf 81' lang='lat' dir='ltr'>per</span> <span class='ocrx_word' id='word_1_336' title='bbox 564 3149 883 3203; x_wconf 84' lang='lat' dir='ltr'>Trapezuntios</span> <span class='ocrx_word' id='word_1_337' title='bbox 915 3150 1078 3193; x_wconf 87' lang='lat' dir='ltr'>domum</span> <span class='ocrx_word' id='word_1_338' title='bbox 1107 3152 1338 3195; x_wconf 86' lang='lat' dir='ltr'>redierunt.</span> 
     </span>
    </p>

    <p class='ocr_par' dir='ltr' id='par_1_5' title="bbox 307 3204 2207 3496">
     <span class='ocr_line' id='line_1_40' title="bbox 424 3204 2138 3262; baseline 0.004 -16"><span class='ocrx_word' id='word_1_339' title='bbox 424 3204 617 3247; x_wconf 86' lang='lat' dir='ltr'>Tandem</span> <span class='ocrx_word' id='word_1_340' title='bbox 648 3205 718 3247; x_wconf 85' lang='lat' dir='ltr'>die</span> <span class='ocrx_word' id='word_1_341' title='bbox 759 3220 870 3248; x_wconf 86' lang='lat' dir='ltr'>nono</span> <span class='ocrx_word' id='word_1_342' title='bbox 913 3221 939 3248; x_wconf 87' lang='lat' dir='ltr'>a</span> <span class='ocrx_word' id='word_1_343' title='bbox 987 3207 1240 3262; x_wconf 85' lang='lat' dir='ltr'>Dagisthaei</span> <span class='ocrx_word' id='word_1_344' title='bbox 1282 3210 1470 3252; x_wconf 85' lang='lat' dir='ltr'>discessu</span> <span class='ocrx_word' id='word_1_345' title='bbox 1500 3210 1763 3252; x_wconf 70' lang='lat' dir='ltr'>Mermeroes</span> <span class='ocrx_word' id='word_1_346' title='bbox 1793 3224 1886 3253; x_wconf 90' lang='lat' dir='ltr'>cum</span> <span class='ocrx_word' id='word_1_347' title='bbox 1916 3210 2138 3255; x_wconf 87' lang='lat' dir='ltr'>Medorum</span> 
     </span>
     <span class='ocr_line' id='line_1_41' title="bbox 311 3261 2207 3324; baseline 0.004 -20"><span class='ocrx_word' id='word_1_348' title='bbox 311 3261 506 3304; x_wconf 86' lang='lat' dir='ltr'>exercitu</span> <span class='ocrx_word' id='word_1_349' title='bbox 535 3262 710 3304; x_wconf 76' lang='lat' dir='ltr'>Petram</span> <span class='ocrx_word' id='word_1_350' title='bbox 739 3262 901 3318; x_wconf 84' lang='lat' dir='ltr'>attigit.</span> <span class='ocrx_word' id='word_1_351' title='bbox 961 3263 1052 3305; x_wconf 92' lang='lat' dir='ltr'>Ubi</span> <span class='ocrx_word' id='word_1_352' title='bbox 1082 3279 1107 3306; x_wconf 94' lang='lat' dir='ltr'>e</span> <span class='ocrx_word' id='word_1_353' title='bbox 1139 3266 1432 3320; x_wconf 82' lang='lat' dir='ltr'>praesidiariis</span> <span class='ocrx_word' id='word_1_354' title='bbox 1453 3266 1599 3308; x_wconf 89' lang='lat' dir='ltr'>Persis</span> <span class='ocrx_word' id='word_1_355' title='bbox 1627 3267 1818 3310; x_wconf 86' lang='lat' dir='ltr'>residuos</span> <span class='ocrx_word' id='word_1_356' title='bbox 1847 3267 2009 3324; x_wconf 86' lang='lat' dir='ltr'>reperit</span> <span class='ocrx_word' id='word_1_357' title='bbox 2037 3282 2139 3323; x_wconf 84' lang='lat' dir='ltr'>gra-</span> <span class='ocrx_word' id='word_1_358' title='bbox 2206 3315 2207 3318; x_wconf 11' lang='grc' dir='ltr'><strong>Ἴ</strong></span> 
     </span>
     <span class='ocr_line' id='line_1_42' title="bbox 307 3318 2136 3377; baseline 0.004 -19"><span class='ocrx_word' id='word_1_359' title='bbox 307 3331 386 3360; x_wconf 84' lang='lat' dir='ltr'>ves</span> <span class='ocrx_word' id='word_1_360' title='bbox 418 3318 661 3361; x_wconf 84' lang='lat' dir='ltr'>vulneribus</span> <span class='ocrx_word' id='word_1_361' title='bbox 691 3322 735 3360; x_wconf 84' lang='lat' dir='ltr'>et</span> <span class='ocrx_word' id='word_1_362' title='bbox 765 3319 984 3362; x_wconf 82' lang='lat' dir='ltr'>causarios</span> <span class='ocrx_word' id='word_1_363' title='bbox 1014 3334 1141 3363; x_wconf 69' lang='lat' dir='ltr'>cccl„</span> <span class='ocrx_word' id='word_1_364' title='bbox 1185 3322 1378 3377; x_wconf 81' lang='lat' dir='ltr'>integros</span> <span class='ocrx_word' id='word_1_365' title='bbox 1416 3336 1486 3365; x_wconf 72' lang='lat' dir='ltr'>cn.</span> <span class='ocrx_word' id='word_1_366' title='bbox 1527 3324 1686 3366; x_wconf 87' lang='lat' dir='ltr'>solum:</span> <span class='ocrx_word' id='word_1_367' title='bbox 1727 3324 1891 3367; x_wconf 86' lang='lat' dir='ltr'>caeteri</span> <span class='ocrx_word' id='word_1_368' title='bbox 1922 3325 2011 3366; x_wconf 81' lang='lat' dir='ltr'>fato</span> <span class='ocrx_word' id='word_1_369' title='bbox 2043 3339 2136 3366; x_wconf 87' lang='lat' dir='ltr'>ces-</span> 
     </span>
     <span class='ocr_line' id='line_1_43' title="bbox 310 3376 2134 3436; baseline 0.003 -20"><span class='ocrx_word' id='word_1_370' title='bbox 310 3381 478 3417; x_wconf 83' lang='lat' dir='ltr'>serant:</span> <span class='ocrx_word' id='word_1_371' title='bbox 511 3390 687 3431; x_wconf 82' lang='lat' dir='ltr'>quorum</span> <span class='ocrx_word' id='word_1_372' title='bbox 718 3376 932 3419; x_wconf 79' lang='lat' dir='ltr'>cadavera</span> <span class='ocrx_word' id='word_1_373' title='bbox 961 3377 1067 3419; x_wconf 89' lang='lat' dir='ltr'>socii</span> <span class='ocrx_word' id='word_1_374' title='bbox 1097 3380 1352 3434; x_wconf 79' lang='lat' dir='ltr'>superstites</span> <span class='ocrx_word' id='word_1_375' title='bbox 1383 3394 1464 3421; x_wconf 89' lang='lat' dir='ltr'>non</span> <span class='ocrx_word' id='word_1_376' title='bbox 1496 3380 1764 3436; x_wconf 81' lang='lat' dir='ltr'>proiecerant</span> <span class='ocrx_word' id='word_1_377' title='bbox 1793 3388 1919 3424; x_wconf 81' lang='lat' dir='ltr'>extra</span> <span class='ocrx_word' id='word_1_378' title='bbox 1947 3381 2134 3431; x_wconf 77' lang='lat' dir='ltr'>moenia3</span> 
     </span>
     <span class='ocr_line' id='line_1_44' title="bbox 310 3431 2136 3496; baseline 0.003 -23"><span class='ocrx_word' id='word_1_379' title='bbox 310 3431 385 3475; x_wconf 81' lang='lat' dir='ltr'>sed</span> <span class='ocrx_word' id='word_1_380' title='bbox 414 3446 467 3477; x_wconf 84' lang='lat' dir='ltr'>ne</span> <span class='ocrx_word' id='word_1_381' title='bbox 496 3433 659 3477; x_wconf 80' lang='lat' dir='ltr'>hostem</span> <span class='ocrx_word' id='word_1_382' title='bbox 690 3433 743 3476; x_wconf 82' lang='lat' dir='ltr'>ad</span> <span class='ocrx_word' id='word_1_383' title='bbox 773 3433 1032 3478; x_wconf 86' lang='lat' dir='ltr'>obsidionem</span> <span class='ocrx_word' id='word_1_384' title='bbox 1063 3435 1294 3492; x_wconf 82' lang='lat' dir='ltr'>urgendam</span> <span class='ocrx_word' id='word_1_385' title='bbox 1322 3436 1605 3480; x_wconf 82' lang='lat' dir='ltr'>accenderent</span> <span class='ocrx_word' id='word_1_386' title='bbox 1634 3438 1813 3482; x_wconf 83' lang='lat' dir='ltr'>maxima</span> <span class='ocrx_word' id='word_1_387' title='bbox 1839 3452 2006 3482; x_wconf 85' lang='lat' dir='ltr'>suorum</span> <span class='ocrx_word' id='word_1_388' title='bbox 2036 3451 2136 3496; x_wconf 85' lang='lat' dir='ltr'>pro-</span> 
     </span>
    </p>
   </div>
   <div class='ocr_carea' id='block_1_5' title="bbox 2234 0 2254 3814">
    <p class='ocr_par' dir='ltr' id='par_1_6' title="bbox 2234 0 2254 3814">
     <span class='ocr_line' id='line_1_45' title="bbox 2234 0 2254 3814; baseline 0 0"><span class='ocrx_word' id='word_1_389' title='bbox 2234 0 2254 3814; x_wconf 95' lang='lat' dir='ltr'> </span> 
     </span>
    </p>
   </div>
  </div>
 </body>
</html>
