2098 3874
596 810 1463 900 PRAEFATIO

366 952 992 1016 GUILIELMI
1054 946 1696 1016 DINDORFII.

116 1225 230 1310 De
259 1249 361 1304 vita
386 1260 436 1304 et
467 1250 657 1323 scriptis
679 1250 911 1324 Procopii
933 1271 1062 1324 quae
1088 1252 1300 1306 dicenda
1323 1254 1519 1317 habeo,
1555 1249 1795 1323 quoniam
1821 1269 1936 1304 cum

113 1336 373 1387 Alemanni
402 1336 814 1408 disputationibus
849 1347 965 1389 sunt
998 1339 1260 1389 coniuncta
1275 1378 1290 1403 ,
1324 1336 1586 1391 volumine
1606 1339 1751 1389 tertio
1779 1354 1938 1407 expo-

113 1429 307 1473 nentur.
376 1418 725 1487 Quamobrem
755 1423 855 1472 hoc
888 1425 1003 1474 loco
1045 1423 1246 1475 nonnisi
1281 1422 1436 1488 siglae
1465 1430 1583 1474 sunt
1614 1420 1939 1492 explicandae

113 1504 380 1565 librorum,
413 1506 592 1575 quibus
625 1505 692 1556 ad
727 1505 1072 1559 emendandos
1094 1507 1158 1559 de
1180 1508 1325 1559 bellis
1347 1506 1606 1558 Iustiniani
1628 1516 1940 1558 commenta-

113 1588 214 1640 rios
237 1589 313 1640 usi
331 1607 534 1641 sumust
563 1608 683 1640 nam
707 1587 772 1640 de
795 1592 994 1661 reliquis
1014 1593 1204 1662 scriptis
1221 1610 1314 1643 suo
1335 1593 1449 1641 loco
1471 1600 1653 1656 agetur.
1691 1591 1781 1643 Est
1796 1592 1942 1656 igitur

253 1675 294 1725 A
318 1674 479 1725 codex
494 1673 786 1726 Parisiensis
807 1676 972 1740 regius
997 1682 1149 1739 1702,
1185 1677 1392 1746 scriptus
1416 1675 1467 1725 in
1494 1676 1802 1726 membranis
1825 1693 1937 1726 sae-

113 1761 226 1810 culo
249 1758 393 1809 tertio
418 1757 644 1823 decimo,
678 1759 813 1808 foliis
835 1759 1021 1828 aliquot
1045 1761 1128 1809 hic
1157 1761 1256 1810 illic
1279 1778 1308 1810 a
1333 1777 1487 1811 manu
1508 1758 1783 1809 recentiore
1815 1777 1937 1829 sup-

112 1843 284 1914 pletis,
320 1840 458 1912 quod
493 1860 559 1892 ex
577 1841 816 1907 Catalogo
843 1844 1059 1908 cognovi
1081 1844 1186 1895 vol.
1210 1843 1278 1895 II.
1300 1862 1351 1914 p.
1375 1847 1495 1896 389.
1564 1841 1741 1893 Insunt
1776 1843 1939 1893 histo..

111 1927 295 1978 riamm
317 1926 427 1977 libri
442 1935 671 1996 quattuor
689 1926 894 1996 priores.
952 1926 1043 1978 Est
1066 1928 1287 1997 optimae
1313 1937 1463 1978 notae
1489 1926 1651 1976 codex
1667 1965 1681 1987 ,
1711 1925 1789 1975 cui
1805 1928 1937 1976 mul-

111 2020 277 2063 torum
303 2013 528 2062 locorum
552 2021 660 2061 tum
687 2010 1095 2063 emendationem
1120 2023 1229 2063 tum
1250 2014 1596 2082 supplementa
1621 2009 1882 2062 debemus.

250 2095 297 2147 B
335 2094 497 2147 codex
527 2094 816 2147 Parisiensis
846 2097 1010 2162 regius
1049 2101 1209 2161 1699,
1248 2099 1534 2148 chartaceus
1565 2096 1750 2146 saeculi
1782 2098 1940 2165 quinti

114 2180 320 2244 decimi,
357 2189 471 2230 octo
507 2182 798 2250 complexus
830 2181 1148 2233 historiarum
1184 2183 1354 2233 libros.
1426 2181 1590 2232 Huius
1615 2197 1709 2245 ego
1739 2198 1938 2232 accura-

113 2267 211 2317 tius
250 2265 414 2316 collati
446 2266 648 2317 nonnisi
682 2265 955 2337 specimina
992 2266 1239 2336 quaedam
1274 2268 1337 2317 ab
1371 2264 1649 2318 Niebuhrio
1678 2267 1847 2335 accepi
1873 2266 1938 2316 ad

113 2369 163 2420 p.
195 2351 488 2404 175-177
520 2359 571 2399 et
595 2349 891 2403 544-547
924 2351 1004 2403 ed.
1037 2352 1189 2404 Paris.
1226 2351 1468 2420 apposita.
1542 2347 1689 2415 Quae
1726 2368 1805 2401 res
1838 2352 1939 2400 hoc

113 2435 286 2485 habuit
323 2433 633 2484 incommodi
672 2443 726 2483 ut
756 2435 942 2503 reliqua
984 2436 1208 2486 lectionis
1242 2437 1453 2487 varietas
1492 2453 1556 2486 ex
1595 2434 1793 2486 duobus
1830 2435 1939 2485 aliis

114 2519 334 2570 fontibus
362 2517 577 2589 petenda
611 2518 782 2583 suerit,
819 2535 943 2587 quos
977 2518 1161 2586 alioqui
1192 2538 1293 2570 non
1330 2519 1582 2571 adiissem.
1653 2518 1786 2569 Nam
1811 2538 1938 2588 quac

113 2621 179 2657 ex
213 2622 276 2655 eo
309 2603 435 2655 libro
465 2604 519 2654 in
550 2603 872 2655 annotatione
906 2619 995 2653 sua
1023 2602 1181 2652 attulit
1204 2604 1491 2669 MaltretuS,
1529 2603 1707 2655 eadem
1738 2622 1833 2672 qua
1855 2605 1940 2654 ille

114 2707 233 2742 usus
262 2699 337 2740 est
370 2689 494 2754 sigla
534 2687 729 2755 (Reg.)
766 2691 829 2738 ab
864 2687 1012 2738 nobis
1046 2686 1324 2754 designata,
1361 2708 1464 2740 non
1498 2692 1716 2739 referunt
1735 2690 1938 2757 plenam

110 2774 338 2826 lectionis
374 2772 735 2839 diversitatem,
771 2791 865 2824 nec
899 2772 1016 2823 satis
1051 2782 1180 2823 certa
1216 2774 1488 2843 apographi
1514 2771 1776 2823 Leidensis
1811 2772 1938 2839 (L),

112 2859 177 2908 ab
200 2856 422 2928 Iosepbo
448 2857 697 2924 Scaligero
720 2858 947 2919 correcti,
983 2857 1109 2909 fides
1142 2866 1245 2923 est,
1287 2859 1425 2908 cuius
1455 2858 1602 2908 nobis
1634 2858 1831 2926 copiam
1859 2860 1936 2907 fe-

114 2941 179 2992 cit
203 2940 374 2993 Iacobi
400 2939 561 2995 Geelii
584 2944 812 2995 amicitia.
885 2941 1228 2995 Correctiones
1255 2941 1468 3008 margini
1492 2942 1640 2994 huius
1662 2942 1773 2993 libri
1797 2960 1936 2993 com-

113 3025 291 3078 missas
310 3026 481 3079 litteris
503 3028 598 3078 Lm
619 3027 967 3080 indicavimus.

253 3109 302 3160 V
327 3111 491 3163 Lucae
514 3111 762 3165 Holstenii
783 3115 1126 3184 apographum
1145 3114 1605 3184 supplementorum
1627 3109 1812 3162 codicis
1830 3110 1934 3162 Va-

116 3194 261 3245 ticani
276 3214 292 3247 1
326 3194 445 3247 vide
469 3198 844 3248 annotationem
869 3197 932 3248 ad
954 3217 1006 3269 p.
1028 3204 1148 3262 229,
1172 3204 1256 3252 20.
1282 3198 1402 3260 243,
1425 3199 1474 3252 6.
1497 3200 1617 3259 256,
1643 3201 1724 3249 10.
1744 3195 1866 3257 275,
1887 3199 1934 3247 3.

118 3281 236 3342 326,
257 3278 308 3332 4·
345 3279 463 3343 384,
487 3282 537 3337 4·
573 3286 692 3344 372,
718 3283 798 3337 14.
829 3283 948 3347 497,
971 3288 1051 3337 17.
1085 3270 1234 3335 huius
1251 3284 1539 3338 voluminis.
1608 3281 1850 3351 Excerpta
1873 3297 1936 3329 cx

114 3361 214 3412 hoc
246 3362 441 3429 codice,
474 3365 559 3435 qui
596 3375 755 3418 aetate
786 3368 968 3438 pariter
1009 3378 1156 3438 atque
1195 3369 1483 3420 auctoritate
1506 3376 1723 3439 praestat
1747 3364 1937 3428 ceteris,

114 3445 339 3499 lectionis
369 3449 600 3501 varietate
626 3469 746 3504 usus
773 3463 847 3504 est
877 3452 1163 3506 Maltretus:
1202 3463 1256 3506 ut
1278 3453 1445 3506 denuo
1480 3463 1530 3505 et
1558 3450 1828 3503 accuratius
1849 3466 1937 3499 ex-
