2254 3814
290 179 411 237 252
743 237 746 240 ,
1037 178 1372 233 PROCOPH

226 330 264 372 Β
294 318 613 390 ποιούμενοι,
662 321 710 374 οἳ
744 320 800 373 δέ
834 317 960 372 ἄλλο
996 315 1024 372 ὅ
1059 341 1107 372 τι
1141 319 1204 386 δὴ
1231 316 1560 391 πράσσοντες.
1648 318 1816 373 καὶτὸ
1843 321 1934 388 μὲν
1963 325 2113 388 σῶμα

290 408 404 463 οὔτε
429 430 478 461 τι
505 405 773 475 διήλλασσε
799 410 889 473 τῆς
917 405 1167 474 προτέρας
1189 410 1365 474 χροιᾶς
1390 404 1506 458 οὔτε
1527 404 1725 474 θερμὸν
1750 400 1839 473 ἦν,
1888 404 1975 458 ἅτε
2014 427 2114 458 πυ-

289 498 438 564 ρετοῦ
467 489 805 555 ἐπιπεσόντος,
855 490 913 542 οὗ
936 490 1039 558 μὴν
1067 490 1185 543 οὔδε
1209 488 1463 561 φλόγωσις
1490 491 1755 560 ἐπεγίνετο,
1802 489 1921 542 ἀλλ’
1953 488 2115 551 οὕτως

287 574 543 647 ἇβληχρός
580 597 655 638 τις
692 577 743 639 ἐξ
781 575 941 643 ἀρχῆς
975 596 1029 628 τε
1068 577 1153 628 καὶ
1189 574 1334 646 ἄχρις
1361 575 1576 645 ἑσπέρας
1603 573 1629 628 ὃ
1654 575 1871 645 πυρετὸς
1895 569 1956 643 ἦν
1986 573 2115 628 ὥστε

285 662 412 732 μήτε
453 671 560 723 τοῖς
593 667 831 714 νοσοῦσιν
870 661 1044 722 αὐτοῖς
1069 657 1196 728 μήτε
1223 664 1382 734 ἰατρῷ
1414 659 1676 734 ἁπτομένῳ
1708 659 1914 729 δόκησιν
1942 657 2157 712 κινδύ-5

286 770 377 801 νου
420 747 750 817 παρέχεσθαι.
842 746 901 799 οὗ
923 746 1020 817 γὰρ
1046 741 1137 800 οὖν
1168 747 1292 800 οὐδέ
1313 767 1390 808 τις
1412 751 1650 799 τελευτᾶν
1676 751 1780 799 τῶν
1803 766 2118 816 περιπεπτω-
2232 775 2243 820 ⁴,

287 831 448 886 κότων
489 833 581 885 ἀπ’
626 832 787 886 αὐτοῦ
826 830 1010 894 ἔδοξεν.
1097 830 1262 906 ἡμέρᾳ
1296 834 1351 885 δὲ
1380 840 1486 893 τοῖς
1515 831 1608 898 μὲν
1634 836 1698 902 τῇ
1729 830 1886 901 αὐτῇ,
1931 838 2040 892 τοῖς
2064 830 2120 882 δὲ

287 924 351 989 τῇ
395 917 739 990 ἐπιγενομένη,
786 915 974 988 ἑτέροις
1017 918 1073 970 δὲ
1106 917 1166 971 οὗ
1199 922 1411 979 πολλαῖς
1438 915 1651 987 ὕστερον
1673 916 1883 983 βουβών
1909 916 2116 984 ἐπῆρτο,

288 1004 381 1057 οὐκ
407 1005 636 1056 ἐνταῦθα
658 1002 848 1071 μόνον,
893 1002 1024 1056 ἔνθα
1049 1005 1132 1056 καὶ
1154 1003 1212 1056 τὸ
1239 1009 1331 1056 τοῦ
1358 1000 1597 1069 σώματος
1620 1000 1832 1072 μόριον,
1881 999 1908 1054 ὃ
1938 1001 2009 1067 δὴ
2026 1004 2119 1052 τοῦ
2243 1062 2247 1077 ¹

290 1089 451 1160 ἤτρου
477 1089 679 1157 ἕνερθέν
705 1091 840 1154 ἐστι,
889 1088 1021 1142 ἀλλὰ
1047 1091 1128 1141 καὶ
1153 1094 1244 1157 τῆς
1265 1087 1533 1157 μασχάλης
1554 1087 1720 1154 ἐντὸς,
1768 1088 1916 1148 ἐνίοις
1951 1087 2006 1140 δὲ
2035 1087 2119 1139 καὶ
2137 1093 2189 1136 10
2225 1093 2254 1135 6

225 1192 264 1235 c
293 1174 435 1247 παρὰ
459 1175 523 1228 τὰ
550 1169 656 1228 ὦτα
680 1177 763 1228 καὶ
787 1172 916 1227 ὅπου
941 1175 1064 1227 ποτὲ
1086 1179 1188 1227 τῶν
1213 1179 1384 1242 μερῶν
1411 1173 1569 1241 ἔτυχε.
1603 1240 1605 1242 q
2229 1145 2254 1223 ί

2232 1295 2250 1390 ἓ

2219 987 2245 1015 ,3

467 1287 550 1340 Τὰ
573 1289 666 1354 μὲν
691 1282 782 1341 οὖν
806 1286 922 1355 ἄχρι
947 1289 1097 1340 τοῦδε
1122 1291 1277 1339 πᾶσιν
1303 1284 1493 1352 δμοίως
1526 1281 1705 1353 σχεδόν
1734 1305 1784 1337 τι
1810 1291 1919 1346 τοῖς
1944 1288 2007 1355 τῇ
2034 1280 2122 1337 νό-

291 1394 366 1446 σῳ
399 1371 745 1439 ἁλισκομένοις
778 1373 1067 1440 ξυνέβαινε·
1106 1372 1172 1425 τὰ
1218 1373 1272 1424 δὲ
1309 1371 1513 1424 ἐνθένδε
1555 1370 1647 1423 οὖκ
1670 1370 1767 1437 ἔχω
1796 1372 1945 1422 εἰπεῖν
1971 1366 2122 1421 πότε-

139 1477 183 1519 Η
211 1476 266 1520 79
298 1481 387 1529 ρον
412 1460 463 1511 ἐν
489 1465 563 1531 τῷ
590 1455 948 1510 διαλλάσσοντι
975 1463 1079 1511 τῶν
1105 1455 1359 1525 σωμάτιον
1382 1459 1467 1509 καὶ
1491 1454 1524 1525 ἦ
1554 1455 1778 1526 διαφορὰ
1803 1460 1906 1508 τῶν
1934 1476 2122 1521 συμπι-

292 1543 523 1598 πτόντων
566 1544 749 1612 ἐγίνετο
767 1585 782 1608 ,
835 1542 862 1611 ἢ
899 1541 1000 1612 ὅπη
1032 1545 1154 1596 ποτὲ
1174 1542 1470 1615 βουλομένῳ
1498 1542 1573 1611 εἴη
1599 1547 1672 1614 τῷ
1698 1540 1789 1609 τὴν
1813 1538 1965 1594 νόσον
1995 1542 2121 1592 ἐποι-
2139 1549 2190 1593 15
2223 1530 2228 1538 ’

290 1628 511 1700 γαγόντι.
603 1630 845 1699 ἐπεγίνετο
872 1629 969 1699 γὰρ
994 1637 1101 1690 τοῖς
1123 1629 1215 1697 μὲν
1241 1634 1389 1695 κῶμα
1412 1627 1559 1694 βαθὺ
1573 1668 1589 1692 ,
1637 1635 1744 1687 τοῖς
1770 1627 1825 1679 δὲ
1848 1645 2123 1696 παραφρο-

292 1713 621 1784 σύνη·ὀξεΐα,
681 1711 912 1785 ἐκάτεροί
943 1736 997 1767 τε
1031 1714 1098 1767 τὰ
1136 1714 1264 1785 πρὸς
1297 1714 1391 1782 τὴν
1427 1710 1580 1767 νόσον
1617 1714 1919 1780 ἐπιτηδείως
1943 1711 2124 1779 ἔχοντα

114 1813 147 1855 V
182 1813 265 1855 320
294 1800 540 1868 ἔπασχον·
589 1797 664 1861 οἷς
701 1801 792 1868 μέν
833 1799 929 1869 γὰρ
967 1799 1026 1852 τὸ
1057 1804 1203 1867 κῶμα
1229 1799 1474 1864 ἐπέκειτο,
1520 1795 1725 1851 πάντων
1753 1795 2124 1864 ἐπιλελησμένοι

290 1891 394 1939 τῶν
423 1882 684 1939 εἰωθότων
710 1888 884 1955 σφίσιν
919 1886 970 1946 ἐς
999 1884 1074 1936 ἀεὶ
1102 1882 1370 1938 καθεύδειν
1406 1881 1632 1937 ἐδόκουν.
1722 1885 1804 1934 καὶ
1845 1885 1887 1935 εἶ
1925 1881 2017 1948 μέν
2048 1900 2125 1941 τις

292 1971 462 2024 αὐτῶν
500 1973 812 2037 ἐπιμελοῖτο,
868 1970 1060 2037 μεταξὺ
1105 1968 1322 2037 ἰ’ίσθιον,
1375 1970 1506 2032 τινὲς
1540 1970 1596 2022 δὲ
1627 1970 1708 2021 καὶ
1749 1965 2195 2035 ἀπημελημένοιρο

222 2066 262 2109 D
294 2056 484 2132 ἀπορίᾳ
510 2061 708 2128 τροφῆς
733 2055 891 2117 εὐθὺς
915 2055 1183 2124 ἔθνησκον.
1272 2055 1320 2109 οἳ
1353 2054 1526 2123 μέντοι
1553 2059 1627 2128 τῷ
1664 2058 1756 2122 τῆς
1780 2048 2123 2124 παραφροσύ-

405 2235 450 2278 5.
480 2231 594 2289 μήτε
621 2257 678 2267 —-
706 2232 848 2289 μήτε]
877 2230 994 2290 μηδὲ
1023 2257 1081 2265 -
1108 2230 1225 2289 μηδὲ
1255 2233 1307 2276 Ρ.
1433 2233 1502 2278 10.
1531 2230 1643 2274 Post
1671 2227 1858 2282 ἔνεοθέν
1885 2226 1979 2274 ἔστι
2006 2227 2126 2284 lege-

405 2292 562 2334 bantur
591 2291 712 2335 uncis
740 2292 908 2334 inclusa
936 2289 1124 2349 βουβών
1151 2291 1374 2343 κέκληται.
1551 2292 1622 2333 11.
1651 2289 1803 2344 μερῶν
1830 2285 2124 2330 Hoeschelius.

410 2349 659 2403 Legebatur
687 2352 863 2405 μηρῶν.
1056 2350 1126 2394 13.
1168 2349 1406 2407 ξυνέβαινε
1435 2348 1486 2391 Α.
1544 2347 1710 2404 ξυνέβη
1739 2347 1792 2389 Ρ.
1851 2343 2126 2402 ,,ξυνέραινε

410 2405 560 2461 Reg.“
590 2407 742 2450 Mem.
856 2408 930 2452 20.
958 2403 1216 2463 ἐπιμελοῖτο
1247 2411 1300 2452 Α.
1355 2404 1608 2462 ἐπιμελεῖτο
1637 2405 1688 2448 Ρ.

297 2559 416 2604 aliud
445 2560 610 2616 agendo
639 2561 869 2621 quidpiam.
926 2563 1080 2607 Colore
1109 2562 1214 2606 nihil
1243 2565 1404 2606 mutato
1433 2560 1616 2620 pristino
1645 2573 1800 2617 corpus
1827 2573 1908 2602 non
1937 2562 1986 2601 ut
2013 2555 2126 2600 febri

297 2626 542 2674 correptum
568 2618 754 2663 calebat:
787 2621 903 2663 nulla
932 2621 1144 2663 existebat
1170 2619 1468 2664 inflammatio:
1497 2620 1575 2662 sed
1604 2633 1630 2663 a
1658 2633 1779 2666 mane
1807 2631 1944 2673 usque
1973 2615 2027 2658 ad
2050 2630 2127 2657 ve-

298 2689 466 2731 sperum
495 2675 630 2717 febris
665 2679 772 2719 adeo
800 2678 908 2720 lenis
938 2684 1056 2728 erat,
1086 2684 1135 2720 ut
1163 2693 1240 2720 nec
1269 2677 1460 2734 aegrotis
1488 2676 1618 2732 ipsis,
1659 2676 1851 2731 adeoque
1881 2688 1959 2716 nec
1989 2670 2125 2715 medi-
2171 2723 2173 2727 Α

298 2747 348 2775 co
382 2732 543 2788 pulsum
575 2733 844 2790 exploranti,
876 2730 1055 2791 periculi
1084 2734 1320 2792 opinionem
1349 2735 1592 2791 praeberet.
1646 2733 1745 2776 Nec
1773 2746 1874 2774 sane
1903 2731 2126 2787 quisquam

300 2803 474 2841 eorum,
514 2788 588 2845 qui
630 2792 674 2832 in
715 2793 902 2834 morbum
943 2792 1106 2848 delapsi
1146 2794 1348 2844 fuerant,
1388 2792 1459 2834 ino
1500 2790 1714 2848 periturus
1743 2790 1984 2831 videbatur.
2043 2786 2128 2829 Die

299 2853 440 2889 autem
474 2846 538 2888 his
567 2846 712 2890 eodem
742 2849 862 2903 ipso,
911 2849 996 2891 iuis
1029 2858 1229 2906 postero,
1274 2850 1368 2892 aiiis
1395 2848 1508 2891 haud
1538 2847 1678 2891 multis
1709 2853 1830 2904 post,
1872 2845 2126 2888 nascebatur

298 2916 349 2945 ac
392 2904 653 2946 tumescebat
696 2906 831 2958 bubo,
872 2921 956 2949 non
997 2921 1050 2949 ea
1089 2907 1220 2949 solum
1263 2907 1307 2949 in
1349 2914 1474 2962 parte
1507 2905 1704 2962 ,corporis
1733 2919 1842 2960 quae
1870 2903 1951 2945 imo
1981 2898 2124 2956 ventri

296 2960 443 3003 subest
473 2965 517 3001 et
545 2960 699 3016 inguen
729 2962 911 3014 dicitur,
955 2965 1033 3006 sed
1062 2963 1105 3006 in
1136 2963 1289 3006 axillae
1318 2962 1446 3006 etiam
1487 2961 1606 3006 sinu:
1649 2967 1748 3018 post
1788 2972 1912 3004 aures
1951 2970 2124 3014 quoque

294 3016 520 3059 nonnullis:
552 3032 802 3075 quacunque
831 3019 995 3062 demum
1023 3020 1069 3062 in
1098 3027 1223 3077 parte
1252 3021 1470 3064 femorum.

411 3087 607 3130 Morbum
638 3090 988 3132 contrahentibus
1017 3091 1123 3133 haec
1154 3092 1247 3147 pari
1276 3092 1370 3135 fere
1398 3090 1522 3134 modo
1559 3087 1835 3141 accidebant,
1877 3100 1989 3142 quae
2020 3085 2122 3128 hao-
2196 3110 2204 3124 .

295 3149 419 3188 tenus
450 3146 784 3190 commemoravi.
830 3148 880 3188 In
908 3148 1180 3203 sequentibus
1209 3149 1311 3191 illud
1340 3147 1545 3204 expedire
1574 3160 1658 3188 non
1687 3158 1869 3201 possum,
1898 3143 2126 3186 diver-sane
2176 3170 2177 3173 ,

298 3217 352 3244 ex
381 3201 630 3245 habitudine
660 3218 908 3259 corporum,
948 3218 1003 3246 an
1033 3218 1087 3246 ex
1117 3206 1296 3248 arbitrio
1325 3205 1416 3248 solo
1445 3202 1632 3246 auctoris
1669 3202 1803 3244 morbi
1837 3200 2019 3244 oriretur
2049 3213 2125 3242 eo-

297 3273 390 3301 rum
421 3259 671 3312 diversitas,
702 3275 813 3316 quae
842 3261 985 3303 morbo
1020 3262 1292 3304 accedebant.
1353 3260 1492 3303 Gravi
1519 3264 1695 3302 veterno
1726 3260 1823 3310 alii,
1852 3258 1923 3300 alii
1955 3254 2132 3313 peracri-

299 3315 483 3359 amentia
511 3318 643 3372 capti,
673 3317 844 3372 utrique
873 3318 939 3361 his
967 3332 1157 3374 congrua
1188 3319 1474 3375 patiebantur.
1511 3317 1731 3373 Siquidem
1760 3323 1937 3359 veterno
1969 3311 2123 3370 pressi,

298 3373 484 3415 dormire
521 3387 689 3429 semper
726 3374 1007 3427 videbantur,
1044 3389 1184 3417 rerum
1222 3375 1342 3418 obliti
1382 3373 1589 3427 omnium,
1631 3374 1786 3430 quibus
1829 3374 2121 3415 assueverant.

297 3430 347 3471 Si
378 3431 472 3486 quis
502 3431 677 3483 aderat,
707 3431 781 3487 qui
813 3446 954 3474 eorum
983 3431 1219 3475 valetudini
1247 3433 1373 3474 daret
1401 3446 1599 3488 operam,
1641 3432 1780 3474 cibum
1811 3429 2020 3472 interdum
2051 3440 2123 3468 ca—

300 3487 476 3543 piebant
514 3502 619 3531 cura
655 3488 877 3542 destituti,
919 3490 1041 3532 brevi
1083 3495 1276 3547 tempore
1312 3489 1455 3532 inedia
1495 3489 1770 3532 necabantur.
1847 3481 2120 3542 Lymphatioi
