2254 3814
395 151 516 210 224
1142 153 1473 208 PROCOPII

391 290 608 361 ἐσβολήν
631 314 742 345 τινα
771 290 821 353 ἒς
848 291 939 360 τὴν
968 291 1214 363 ἦμετέραν
1242 293 1557 363 ποιήσασθαι
1570 334 1588 361 ,
1622 300 1715 348 νῦν
1753 296 1808 349 δέ
1837 301 1939 350 τῶν
1965 296 2200 369 πραγμά-

389 401 493 432 των
529 376 648 444 ἡμῖν
684 376 884 443 ἄμεινον
919 374 950 443 ἢ
985 378 1098 430 κατ’
1134 381 1341 441 ἐλπίδας
1364 377 1718 451 κεχωρηκότων
1744 377 1951 449 πάρεστι
1978 386 2201 453 περὶτῆς

390 465 574 515 ἐκείνου
622 458 977 528 βουλεύεσθαι.
1065 463 1152 533 ἐφ’
1205 457 1245 536 ᾧ
1293 465 1352 533 δὴ
1391 466 1784 535 ξυνειλεγμένους
1817 463 1951 533 ὑμᾶς
1987 471 2194 531 δίκαιον,

389 546 555 614 οῗμαι,
603 545 748 597 οὐδὲν
783 543 1238 614 ὑποστειλαμένους
1261 553 1408 603 εἰπεῖν
1434 549 1558 622 ἅπερ
1585 549 1647 604 ἂν
1675 548 1858 622 ἄριστά
1885 573 1937 604 τε
1962 554 2085 624 δοκῇ
2113 555 2198 605 καὶ

237 646 280 688 Η
308 649 361 691 71
394 627 769 701 ξυμφορώτατα
790 628 983 704 ἑκάστῳ
1008 630 1196 688 εἷναι.“
2209 651 2238 696 5

210 730 252 772 V
279 732 362 776 309
557 714 855 785 Βελισάριος
882 718 973 784 μὲν
998 724 1224 772 τοσαῦτα
1252 716 1368 772 εἶπε.
1455 719 1656 787 Πέτρος
1679 721 1734 772 δέ
1757 722 1839 773 καὶ
1865 718 2063 790 Βούζης
2087 720 2201 789 ἐξη-
2253 709 2254 712 ¹

382 805 585 870 γεΐσθαι
622 806 693 872 τῷ
735 807 938 873 στρατῷ
966 803 1111 856 οὐδ’ἐν
1136 802 1451 871 μελλήσοντα
1476 805 1552 855 ἐπὶ
1577 804 1669 872 τὴν
1695 807 1937 872 πολεμίαν
1959 807 2198 859 ἐκέλευον.

386 878 456 938 ὧν
495 885 557 954 δὴ
594 891 656 957 τῇ
697 883 868 956 γνώμῃ
904 889 1098 941 εἵποντο
1142 887 1350 950 εὖθὺςὸ
1385 887 1621 958 ξύλλογος
1650 887 1800 951 ἅπας.
1882 888 2200 960 Ῥεκίθαγκος

383 970 556 1038 μέντοι
580 973 661 1023 καὶ
691 969 1017 1038 Θεόκτιστος,
1053 974 1101 1026 οἱ
1125 981 1225 1026 τῶν
1255 975 1307 1026 ἐν
1333 972 1556 1046 Λιβάνῳ
1585 979 1910 1044 στρατιωτῶν
1939 974 2194 1044 ἄρχοντες,

385 1054 547 1108 ταύτὰ
584 1057 677 1124 μὲν
711 1066 815 1117 τοῖς
842 1056 1011 1119 ἄλλοις
1040 1058 1170 1128 ἀμφὶ
1196 1065 1258 1129 τῇ
1283 1060 1468 1128 ἐσβολῇ
1492 1058 1774 1126 βούλεσθαι
1797 1065 1879 1112 καὶ
1906 1059 2049 1113 αὐτοὶ
2070 1060 2254 1137 {ipa-13:

316 1151 357 1194 D
387 1160 507 1205 σαν,
553 1141 763 1194 δεδιέναι
802 1143 856 1193 δὲ
890 1143 962 1210 μὴ
1000 1150 1145 1213 σφῶν
1180 1142 1535 1196 ἐκλελοιπότων
1564 1143 1628 1196 τά
1655 1167 1707 1197 τε
1736 1146 1815 1197 ἐπὶ
1846 1147 2083 1213 Φοινίκης
2113 1148 2199 1197 καὶ

383 1228 574 1296 Συρίας
604 1229 770 1296 χωρία
806 1227 921 1279 κατ’
959 1229 1189 1290 ἐξουσίαν
1221 1229 1312 1295 μὲν
1329 1226 1738 1297 Ἀλαμούνδαρος
1762 1235 1925 1282 ταῦτα
1950 1233 2195 1298 ληίζηται,

382 1310 620 1379 βασιλεὺς
657 1313 711 1363 δὲ
749 1317 885 1380 σφᾶς
922 1312 991 1363 δι’
1031 1313 1183 1381 ὀργῆς
1220 1312 1346 1379 ἔχοι,
1394 1311 1481 1365 ἅτε
1521 1313 1580 1366 οὗ
1614 1310 1938 1383 φυλάξαντας
1961 1312 2196 1386 ἀδῄωτον

379 1395 475 1463 τὴν
492 1393 668 1463 χώραν
692 1388 753 1463 ἧς
777 1390 950 1465 ἦρχον,
979 1400 1061 1449 καὶ
1091 1397 1159 1449 δι’
1182 1397 1307 1450 αὐτὸ
1336 1395 1707 1465 συνεισβάλλειν
1729 1403 1801 1470 τῷ
1828 1398 1964 1471 ἄλλῳ
1990 1404 2196 1473 στρατιῖ

382 1480 582 1548 οὐδαμῆ
612 1480 819 1548 ἤθελον.
884 1479 1175 1552 Βελισάριος
1199 1483 1253 1535 δὲ
1274 1482 1347 1536 τὼ
1373 1482 1522 1552 ἄνδρε
1544 1481 1709 1538 τούτω
1730 1481 1798 1546 ὡς
1819 1483 1999 1552 ἥκιστα
2018 1485 2193 1554 ἀληθῆ
2211 1499 2254 1545 15

380 1564 583 1617 οἴεσθαι
625 1564 770 1635 ἔλεγε.
860 1572 952 1620 τοῦ
987 1567 1082 1638 γὰρ
1120 1573 1296 1638 καιροῦ
1332 1568 1527 1637 τροπὰς
1549 1569 1755 1639 θερινὰς
1783 1567 1919 1623 εἶναι.
2007 1567 2197 1638 ταύτης

379 1651 436 1703 δὲ
468 1654 560 1718 τῆς
595 1648 732 1719 ὥρας
757 1647 847 1704 δύο
882 1649 1106 1719 μάλιστα
1129 1660 1295 1721 μῆνας
1322 1652 1570 1722 ἀνάθημα
1595 1660 1667 1728 τῷ
1700 1655 1925 1727 σφετέρῳ
1953 1659 2060 1727 θεῷ
2087 1660 2197 1709 Σα-

378 1734 628 1804 ρακηνοῦς
650 1737 699 1797 ἐς
723 1736 795 1789 ἀεὶ
824 1738 1072 1808 φέροντας
1102 1739 1152 1790 ἐν
1178 1736 1338 1809 ταύτῃ
1362 1740 1610 1810 ἐπιδρομῇ
1636 1762 1730 1793 τινι
1760 1739 1941 1793 οὔποτε
1963 1744 2196 1810 χρῆσθαι

381 1822 431 1881 ἐς
457 1825 549 1889 γῆν
574 1819 861 1890 ἀλλοτρίαν.
952 1823 1028 1876 διὸ
1056 1824 1119 1892 δὴ
1147 1821 1386 1891 ἐξήκοντα
1413 1822 1611 1893 ἡμερῶν
1639 1822 1956 1894 ὁμολογήσας
1978 1826 2065 1888 ξὺν
2088 1833 2195 1887 τοῖς

201 1915 239 1957 Ρ
272 1917 356 1961 128
386 1903 647 1973 ἑπομένοις
670 1906 826 1977 ἄμφω
853 1905 1066 1977 ἀφήσειν
1089 1909 1275 1962 ἐκέλευε
1300 1911 1382 1962 καὶ
1409 1909 1593 1972 αὐτοὺς
1617 1911 1706 1973 ξὺν
1727 1915 1797 1983 τῷ
1821 1909 1958 1982 ἄλλῳ
1988 1915 2191 1983 στρατῷ
2204 1922 2254 1968 20

379 1991 614 2044 ἕπεσθαι.
702 1989 1002 2063 Βελισάριος
1036 1994 1128 2062 μὲν
1166 1988 1254 2047 οὗν
1282 1994 1347 2047 τὰ
1375 1995 1426 2058 ἐς
1447 1995 1540 2064 τὴν
1567 1995 1782 2065 ἐσβολὴν
1807 1997 2005 2067 σπουδῇ
2030 2000 2192 2067 πολλῇ

376 2074 661 2148 ἐξηρτύετο.

491 2256 532 2298 3.
564 2253 649 2311 δὴ]
682 2252 732 2300 δὲ
762 2255 856 2298 ΑΗ.
994 2254 1036 2300 4.
1065 2256 1181 2313 δοκῇ
1208 2255 1260 2299 Α.
1319 2257 1451 2303 δοκεῖ
1471 2258 1524 2302 Ρ.
1661 2258 1730 2302 12.
1755 2257 1960 2315 ληίζηται
1985 2258 2035 2301 Α.
2093 2257 2191 2314 ληί-

490 2315 613 2366 ζεται
641 2313 692 2355 Ρ.
809 2312 877 2359 14.
903 2307 1072 2372 ἦρχον]
1102 2309 1237 2371 ἦρχεν
1263 2314 1323 2359 Η.
1436 2318 1505 2362 19.
1534 2313 1782 2374 ἑξήκοντα]
1814 2315 1851 2370 ξ’
1884 2316 1934 2358 Ρ.

375 2470 437 2514 At
457 2470 655 2526 quoniam
675 2484 743 2512 res
763 2475 934 2512 nostrae
952 2470 1139 2522 meliori,
1166 2484 1294 2526 quam
1324 2470 1624 2526 sperabamus,
1650 2471 1739 2514 iam
1759 2471 1926 2527 positae
1951 2471 2040 2514 loco
2062 2477 2160 2514 sunt
2172 2485 2190 2522 ‚·

375 2529 429 2570 de
464 2529 605 2570 hostili
639 2529 726 2569 solo
760 2529 955 2583 cogitare
984 2534 1027 2570 et
1053 2530 1271 2571 consilium
1297 2529 1452 2572 habere
1475 2530 1588 2571 licet.
1646 2529 1766 2582 Quae
1792 2543 1886 2570 cum
1907 2529 1973 2571 ita
1997 2529 2103 2580 sint,
2136 2530 2192 2570 11·-

374 2586 471 2627 bere
492 2599 695 2640 quemque
715 2591 843 2640 atque
866 2586 1075 2640 intrepide
1097 2587 1142 2627 in
1161 2586 1238 2627 hoe
1257 2593 1376 2629 coetu
1390 2586 1585 2642 proloqui
1609 2585 1759 2629 debere
1779 2600 1923 2636 censeo
1937 2617 1950 2638 ,
1981 2587 2188 2642 quidquid

372 2643 576 2698 optimum
591 2647 718 2696 sactu
739 2657 789 2683 ac
810 2643 1134 2685 saluberrimum
1157 2644 1379 2686 iudicabit.
2244 2647 2246 2652 ’

486 2699 653 2742 Locuto
680 2700 783 2741 haec
810 2699 1018 2742 Belisario
1049 2706 1246 2743 auctores
1273 2701 1395 2743 fuere
1423 2701 1580 2743 Petrus
1609 2713 1660 2743 ac
1688 2700 1850 2750 Buzes,
1888 2702 1938 2742 ut
1975 2698 2086 2743 omui
2109 2699 2189 2743 ab-

370 2755 485 2799 iecta
513 2755 782 2798 cunctatione
809 2756 1040 2799 exercitum
1070 2758 1113 2799 in
1142 2764 1298 2801 terram
1328 2757 1518 2801 hostilem
1548 2758 1736 2800 duceret.
1794 2758 1983 2808 Quorum
2015 2762 2188 2800 senten-

369 2813 474 2856 tiam
504 2818 676 2855 secutus
706 2818 772 2854 est
799 2811 940 2854 statim
969 2814 1196 2857 universus
1223 2829 1460 2859 consessus.
1518 2815 1769 2871 Quanquam
1794 2813 2112 2857 Rhecithancus
2135 2828 2188 2857 ac
2247 2831 2250 2834 ·

372 2869 652 2913 Theoctistus
697 2869 1000 2925 praesidiorum
1044 2871 1195 2915 Libani
1235 2873 1377 2915 Duces
1416 2871 1499 2915 sibi
1530 2872 1696 2928 quidem
1733 2873 1905 2929 placere
1931 2871 2040 2914 idem
2070 2871 2186 2927 quod

371 2926 556 2969 caeteris
597 2926 820 2969 faciendae
860 2927 1106 2982 irruptionis
1145 2929 1364 2972 consilium
1405 2930 1632 2982 dicebant3
1673 2929 1813 2972 vereri
1851 2934 1989 2970 tamen
2028 2941 2076 2970 se
2114 2942 2184 2981 ne,

368 2985 535 3027 interea
563 2984 663 3027 dum
692 2985 903 3035 abessent,
932 2984 1101 3040 Syriam
1131 2990 1175 3028 et
1203 2986 1471 3029 Phoeniciam
1499 2985 1804 3028 Alamundarus
1831 2984 1885 3026 ad
1914 2984 2076 3026 libitum
2105 2998 2185 3041 po·-

367 3042 612 3098 pularetur,
652 3041 847 3096 iramque
885 3041 1068 3095 Augusti
1110 3041 1155 3084 in
1195 3056 1244 3084 se
1285 3048 1482 3100 tanquam
1521 3055 1626 3085 suae
1654 3043 1894 3084 desertores
1923 3041 2184 3097 provinciae,
2246 3076 2252 3081 .

369 3098 645 3140 concitarent.
703 3097 984 3148 Quamobrem
1025 3112 1116 3140 cum
1155 3099 1330 3156 reliqu³s
1358 3100 1489 3152 copiis
1516 3099 1624 3141 fines
1653 3098 1831 3142 hostium
1858 3097 2028 3154 ingredi
2054 3112 2184 3141 recu·
2250 3108 2254 3117 ’·

368 3156 535 3199 subant.
593 3155 694 3197 Illos
733 3154 964 3196 Belisarius
1003 3155 1200 3210 opinione
1240 3170 1319 3200 sua
1354 3157 1447 3199 falli
1473 3155 1684 3198 ostendit:
1725 3155 1931 3199 aestivum
1958 3155 2067 3198 enim
2093 3161 2183 3199 tum

373 3226 468 3257 esse
504 3211 759 3262 solstitium3
801 3225 885 3268 quo
914 3216 1105 3267 tempore
1131 3213 1303 3257 solenne
1329 3213 1555 3256 Saracenis
1582 3217 1696 3255 esset
1723 3227 1803 3269 per
1831 3212 1934 3255 duos
1962 3212 2181 3256 admodum
2238 3220 2249 3260 ζ

373 3283 535 3314 menses
572 3270 664 3312 Deo
704 3282 778 3311 suo
822 3269 979 3311 offerre
1019 3269 1152 3320 dona,
1196 3284 1335 3326 neque
1369 3269 1456 3312 ulla
1495 3270 1540 3312 in
1576 3269 1754 3313 alienum
1783 3269 1915 3313 solum
1940 3268 2181 3312 incursione

371 3326 574 3384 grassari.
629 3327 718 3369 Eos
763 3326 908 3381 itaque
950 3339 1041 3368 cum
1077 3325 1166 3368 suis
1205 3332 1303 3383 post
1341 3327 1434 3369 dies
1473 3341 1547 3370 Lx,
1575 3340 1623 3370 se
1657 3326 1923 3370 dimissurum
1949 3325 2180 3382 pollicitus,

372 3384 556 3442 pervicit
583 3390 632 3427 ut
657 3388 936 3439 sequerentur
962 3387 1169 3426 caeteros.
1224 3384 1360 3428 Porro
1389 3383 1623 3428 Belisarius
1650 3385 1704 3429 ad
1731 3383 2008 3442 irruptionem
2030 3396 2180 3427 neces-

370 3442 484 3486 saria
515 3455 666 3499 magno
691 3439 834 3485 studio
863 3440 1163 3498 praeparabat.
