2254 3814
305 173 427 230 276
1051 166 1386 221 PROCOPII

304 312 447 384 ὕδωρ
474 308 825 381 ἐπιβάλλοντες
849 301 882 379 ᾗ
910 305 937 361 ὃ
965 308 1155 371 καπνὸς
1177 307 1479 379 διεφαίνετο,
1508 303 1834 380 περιέσεσθαι
1854 311 1947 362 τοῦ
1972 310 2135 361 δεινοῦ

305 399 541 468 ἤλπιζον,
589 393 755 449 ἀνύειν
789 394 961 461 μέντοι
1000 394 1146 447 οὐδὲν
1183 394 1384 462 οὐδαμῆ
1425 392 1572 462 εἶχον.
1661 385 1695 463 ᾗ
1728 414 1783 446 τε
1819 393 1915 464 γὰρ
1953 391 1979 446 ὅ
2014 398 2140 461 χοῐὶς

305 483 632 552 ἔπιβληθείη,
691 477 856 550 ταύτῃ
892 479 985 546 μὲν
1024 478 1051 532 ὅ
1090 479 1312 545 καπνὸς,
1373 477 1441 542 ὥς
1477 479 1536 532 τὸ
1574 477 1737 543 εῗκός,
1797 478 2135 543 ἀνεστέλλετο,

116 576 155 618 Ρ
197 576 278 621 157
308 568 527 639 ἑτέρωθι
567 567 622 618 δὲ
664 565 757 618 οῧκ
795 567 866 626 εἷς
899 565 1102 635 μακρὰν
1142 565 1429 630 ἀνεδίδοτο,
1477 563 1635 618 αὐτὸν
1669 569 1762 617 τοῦ
1788 564 1948 633 πυρὸς
1971 561 2142 630 βιάζε-

306 661 435 709 σθαι
459 652 552 719 τὴν
579 650 752 714 ἔξοδον
779 648 880 718 ὅπη
908 647 1117 704 δύναιτο
1145 648 1543 719 ἀναγκάζοντος,
1589 645 1649 703 τό
1677 671 1728 703 τε
1751 647 1892 719 ὕδωρ
1921 642 1955 719 ᾗ
1986 645 2182 716 μάλι-5

306 760 405 792 στα
429 733 748 804 ἔπισκήψειε,
797 740 968 807 πολλῷ
1000 735 1070 788 ἔτι
1089 741 1287 804 μᾶλλον
1310 734 1404 805 τήν
1429 757 1481 788 τε
1506 734 1773 806 ἄσφαλτον
1800 738 1884 788 καὶ
1914 734 1972 788 τὸ
1999 740 2145 787 θεῖον

307 826 518 893 ἐνεργεῖν
545 822 715 890 ἴσχυεν
729 861 746 886 ,
786 821 870 873 ἐπί
887 842 940 874 τε
966 821 1060 890 τὴν
1088 823 1140 874 ἓν
1163 823 1312 874 ποσὶν
1333 820 1460 890 ὕλην
1487 818 1724 887 ἀκμάζειν
1750 821 1928 884 ἐποίει,
1973 821 2058 871 καὶ
2084 818 2144 871 τὸ

304 914 408 979 πῦρ
450 909 529 960 ἐπὶ
563 907 630 960 τὰ
667 904 844 977 πρόσω
882 906 957 959 ἀεὶ
997 908 1195 976 ἐνῆγεν,
1242 907 1344 959 ἐπεὶ
1381 911 1474 960 τοῦ
1503 902 1748 974 χώματος
1777 905 1917 966 ἐντὸς
1941 904 2145 972 οὐδαμῆ

305 998 555 1048 τοσοῦτον
593 993 899 1055 ἐξικνεῖσθαι
921 998 1013 1044 τοῦ
1037 990 1228 1054 ἕδατος
1253 990 1378 1060 εἶχεν
1403 990 1524 1046 ὅσον
1547 997 1621 1063 τῷ
1645 987 2016 1061 ὕπερβάλλοντι
2051 1011 2146 1042 κα-

305 1084 571 1132 ταπαῦσαι
608 1077 703 1145 τὴν
739 1074 907 1148 φλόγα
942 1074 1050 1130 οἷόν
1085 1099 1139 1131 τε
1175 1075 1313 1130 εἶναι.
1405 1075 1431 1131 ὅ
1471 1078 1526 1130 δὲ
1563 1075 1754 1138 καπνὸς
1802 1075 1936 1146 ἀμφὶ
1977 1076 2144 1142 δείλην
2163 1082 2216 1122 10

307 1165 467 1232 ὀψίαν
501 1168 746 1224 τοσοῦτος
786 1161 975 1231 ἐγένετο
1013 1160 1142 1216 ὥστε
1169 1164 1254 1215 καὶ
1279 1170 1387 1223 τοῖς
1412 1165 1707 1232 Καρρηνοΐς
1734 1163 1817 1212 καὶ
1847 1159 2018 1223 ἄλλοις
2045 1161 2145 1212 τισὶ

306 1254 479 1322 πολλῷ
517 1247 740 1300 ἐπέκεινα
776 1247 1054 1318 ᾠκημένοις
1091 1247 1300 1315 ἔνδηλος
1339 1243 1482 1300 εἶναι.
1569 1250 1790 1316 Περσῶν
1830 1247 1885 1298 δὲ
1917 1248 2000 1298 καὶ
2018 1242 2145 1298 Ῥω-

306 1335 473 1402 μαίων
511 1338 716 1386 πολλῶν
754 1330 978 1401 ὕπερθεν
1016 1328 1410 1400 ἀναβεβηκότων
1443 1335 1536 1384 τοῦ
1569 1327 1843 1399 χώματος,
1882 1327 2052 1398 μάχης
2093 1350 2147 1383 τε

240 1428 278 1471 Β
308 1421 393 1472 καὶ
432 1418 670 1485 ὠθισμοῦ
704 1418 935 1470 ἐνταῦθα
964 1414 1242 1480 ξυστάντος
1256 1458 1272 1482 ,
1317 1417 1492 1471 ἐνίκων
1511 1414 1767 1484 Ῥωμαῖοι.
1857 1413 1972 1469 τότε
2001 1417 2084 1468 καὶ
2111 1412 2144 1483 ἦ

304 1503 439 1575 φλὸξ
461 1507 711 1572 λαμπρῶς
727 1503 1006 1566 ,ἐκδοθεῖσα
1026 1499 1156 1574 ὑπὲρ
1179 1501 1239 1555 τὸ
1258 1507 1413 1570 χῶμα
1439 1502 1670 1574 ἐφαίνετο
1684 1542 1704 1569 ,
1750 1500 1954 1572 Πίρσαι
1976 1502 2031 1554 δὲ
2055 1505 2146 1554 τοῦ
2164 1502 2216 1546 15

302 1590 395 1658 μὲν
419 1588 567 1660 ἔργου
593 1584 782 1640 τούτου
809 1586 1094 1655 ἀπέσχοντο
1113 1604 1126 1617 ·

467 1697 623 1771 ιἘκτῃ
663 1701 719 1753 δὲ
754 1699 857 1753 ἀπὸ
895 1697 1088 1770 ταύτης
1121 1698 1313 1776 ἡμέρᾳ,
1361 1698 1561 1772 ὄρθρου
1593 1699 1823 1769 βαθέος,
1869 1700 2027 1772 μοίρᾳ
2052 1700 2150 1752 τινὶ

306 1790 400 1840 τοῦ
450 1783 724 1856 περιβόλου
776 1782 955 1856 λάθρα
996 1786 1292 1855 ἐπέσκηψαν
1325 1787 1574 1854 κλίμακας
1611 1785 1835 1854 ἔχοντες,
1884 1778 1944 1838 οἷ)
1982 1784 2045 1851 δὴ
2088 1783 2145 1837 τὸ

306 1867 555 1942 φρούριον
601 1867 974 1938 ἐπωνόμασται.
1062 1876 1167 1925 τῶν
1194 1872 1250 1924 δὲ
1275 1871 1509 1942 φυλακὴν
1531 1871 1762 1925 ἐνταῦθα
1787 1867 2003 1938 ἐχόντων
2021 1867 2148 1923 Ῥω·-

305 1957 471 2024 μαίων
496 1952 662 2028 πρᾷόν
690 1978 804 2009 τινα
831 1952 1195 2009 καθευδόντων
1216 1954 1376 2009 ῧπνον
1389 1997 1405 2021 ,
1445 1954 1534 2009 ἅτε
1571 1962 1666 2024 τῆς
1694 1955 1875 2017 νυκτὸς
1901 1955 2029 2022 πρὸς
2058 1953 2220 2013 πέ-Ξο

306 2062 403 2110 ρας
439 2037 644 2108 ἰούσης,
692 2038 857 2108 ἡσυχῆ
897 2040 991 2103 τὰς
1023 2043 1274 2109 κλίμακας
1310 2047 1383 2114 τῷ
1407 2043 1551 2110 τείχει
1576 2041 1855 2110 ἐρείσαντες
1882 2039 2148 2107 ἀνέβαινον

304 2125 424 2195 ἤδη.
512 2130 616 2178 τῶν
643 2125 703 2179 δέ
725 2146 802 2187 τις
827 2125 1086 2197 ἀγροίκων
1102 2123 1263 2193 μόνος
1288 2125 1574 2199 ἐγρηγορὼς
1593 2128 1645 2180 ἐν
1664 2123 1931 2195 Ῥωμαίοις
1958 2123 2147 2179 ἅπασιν

417 2290 461 2332 2.
492 2285 680 2347 ἀνύειν]
713 2286 900 2335 ἀνύσειν
929 2290 983 2333 V.
1098 2289 1142 2337 4.
1171 2289 1343 2347 πυρᾶς]
1370 2288 1524 2349 πυρᾶς
1549 2288 1630 2334 καὶ
1658 2289 1752 2335 AV.
1864 2291 1906 2335 5.
1935 2288 1989 2335 τό
2011 2303 2058 2334 τε
2091 2290 2149 2332 V.

416 2343 636 2456 ἶέἴέὲνξ).
782 2351 854 2395 11.
894 2345 1104 2406 ἐγένετο]
1132 2345 1308 2407 ἐγένετο
1338 2350 1391 2392 Α.
1535 2348 1640 2392 ibid.
1683 2349 1976 2406 Καρρηνοῖς]
2005 2363 2146 2405 καρη-

305 2546 379 2590 alii
410 2559 563 2602 aquam
592 2545 771 2590 iniicere
801 2546 951 2591 ubiubi
979 2549 1121 2592 sumus
1149 2563 1197 2593 se
1226 2547 1453 2607 proderet,
1484 2551 1708 2607 sperantes
1736 2561 1784 2591 se
1810 2547 1927 2604 ignis
1953 2547 2036 2590 vim
2066 2561 2147 2604 op-

302 2616 541 2672 pressuros.
599 2605 657 2646 At
696 2605 860 2648 frustra
899 2612 1038 2651 erant.
1094 2606 1206 2650 Nam
1247 2607 1492 2663 ubicunque
1531 2607 1679 2650 humus
1716 2607 1859 2649 fuerat
1885 2606 2147 2662 superiecta,

304 2659 368 2703 lbi
398 2660 570 2715 quidem
598 2661 750 2712 fumus,
781 2669 830 2705 ut
858 2676 938 2719 par
967 2667 1088 2716 erat,
1120 2664 1461 2722 reprimebatur=
1501 2677 1647 2707 verum
1677 2664 1781 2706 alibi
1811 2663 2012 2706 continuo
2043 2677 2148 2720 pro-

305 2718 554 2773 rumpebat,
601 2718 655 2759 ab
684 2718 785 2773 igne
814 2727 993 2763 coactus
1022 2720 1106 2763 sibi
1132 2722 1177 2764 vi
1205 2721 1317 2764 viam
1346 2722 1518 2772 facere,
1558 2735 1808 2778 quacunque
1838 2726 1999 2777 posset.
2058 2717 2146 2762 Ubi

305 2773 2147 2892 3:¹⁰3,3¹3³'aztsslssl'ssbtffiabffi‘2313&ss2233?”2¹332‘zsfi1ffisiass‘3331m?

2129 2862 2146 2885 9

307 2902 400 2930 cum
429 2894 594 2930 tantum
622 2902 762 2944 aquae
804 2898 1035 2946 penetrare
1073 2868 1276 2949 nusfiuam
1305 2892 1419 2936 intra
1448 2905 1648 2960 aggerem
1677 2897 1848 2949 posset,
1903 2897 1953 2934 ut
1982 2905 2145 2947 exupe-

283 2945 422 2987 ‘ranti
461 2943 587 3001 copia
623 2945 830 2989 flammam
867 2948 1036 2991 valeret
1076 2963 1362 3005 compescere.
1420 2948 1616 3004 Demque
1655 2948 1827 3005 vesperi
1869 2953 1955 2990 tam
1994 2947 2144 3003 ingens

306 3001 498 3044 sublatus
528 3005 596 3044 est
623 3003 788 3055 fumus,
832 3009 882 3047 ut
919 3004 1033 3048 illum
1065 3006 1278 3050 Carrheni
1317 3005 1476 3062 aliique
1505 3004 1754 3048 remotiores
1791 3003 1994 3047 viderint.
2052 3004 2144 3047 Ro-

308 3057 421 3102 mani
450 3058 593 3111 multi,
636 3058 783 3102 itidem
813 3066 863 3103 ut
888 3061 1075 3114 Persae,
1108 3077 1309 3119 aggerem
1339 3062 1649 3106 ascenderunt:
1690 3061 1752 3104 ibi
1781 3062 1980 3104 conflictu
2009 3060 2143 3115 edito,
2199 3109 2203 3113 Δ
2228 3065 2232 3071 ’

308 3129 402 3158 cum
430 3130 478 3158 se
516 3114 695 3158 invicem
724 3117 975 3172 trusissent,
1020 3121 1270 3175 superiores
1311 3120 1432 3162 fuere
1462 3117 1651 3161 Romani.
1709 3118 1822 3162 Tum
1861 3119 1978 3162 clare
2005 3119 2143 3162 eluxit

307 3171 475 3216 flamma
501 3173 781 3230 supervolans
810 3174 981 3227 molem,
1023 3182 1069 3219 et
1097 3178 1261 3220 Persae
1289 3190 1396 3234 opus
1424 3175 1470 3218 id
1498 3175 1742 3219 omiserunt.

423 3242 557 3286 Sexto
588 3248 689 3299 post
721 3243 791 3286 die
829 3244 956 3286 scalis
985 3243 1181 3288 instructi
1222 3246 1338 3288 illam
1366 3259 1580 3288 murorum
1610 3250 1798 3303 partem,
1849 3261 1961 3304 quae
1990 3259 2142 3290 nomen

309 3299 474 3343 castelli
496 3299 670 3353 retinet,
701 3314 858 3343 summo
881 3315 1003 3344 mane
1028 3302 1171 3346 adorti
1197 3309 1314 3345 sunt.
1372 3302 1508 3345 Cuius
1535 3303 1738 3346 custodes
1766 3319 1858 3348 cum
1881 3312 2002 3348 arcte
2025 3318 2142 3347 com·
2228 3340 2230 3347 .

309 3357 462 3415 plexus
492 3363 606 3400 esset
629 3371 799 3401 somnus
825 3357 1073 3413 benignior,
1114 3366 1242 3416 prout
1271 3360 1441 3402 ferebat
1468 3373 1555 3401 nox
1584 3360 1667 3404 iam
1698 3361 1936 3413 decedens,
1982 3361 2141 3404 Persae
2213 3367 2215 3369 ’

309 3413 438 3457 scalis
465 3415 599 3458 tacite
638 3429 757 3459 muro
786 3415 1002 3472 applicitis
1042 3416 1354 3467 ascendebant3
1398 3417 1567 3473 quando
1596 3431 1702 3461 unus
1745 3433 1800 3462 ex
1829 3420 2021 3463 omnibus
2050 3418 2140 3460 Ro·
2205 3470 2208 3475 '

311 3470 446 3515 manis
478 3476 568 3516 tum
595 3473 712 3517 forte
750 3471 859 3530 vigil
887 3472 1079 3530 agricola
1105 3477 1279 3519 cunctos
1320 3474 1505 3519 clamore
1541 3489 1695 3532 magno
1724 3489 1776 3521 ac
1804 3476 1992 3534 strepitu
2022 3474 2140 3519 exci-
