2254 3814
339 144 459 204 304
791 148 1034 203 ΡΗΟΤΠ
1075 145 1385 203 ΕΡΙΤΟΜΕ
1427 147 1613 203 LIBRI
1652 149 1720 203 Π.

336 286 809 361 θαυματοῦργηται.
901 287 1094 360 εἴρηται
1132 291 1216 343 καὶ
1250 288 1387 352 ὅπως
1419 286 1666 362 Χοσρόης
1699 287 2033 362 ἱπποδρόμιον
2067 292 2169 345 ἐκεῖ

338 375 608 430 ἐθεάσατο.

504 484 589 553 ιβ’.
671 485 808 538 Ἀλλ’
852 486 1042 539 ἐκεῖθεν
1066 482 1311 558 Χοσρόης
1333 487 1411 539 ε’πὶ
1436 489 1676 541 Χαλκίδα
1703 483 1848 541 πόλιν
1874 485 2158 556 ἐπορεύετο,

333 573 460 643 ὑπὲρ
503 566 561 639 ἧς
603 567 694 624 δύο
733 571 906 638 λαβὼν
933 569 1231 642 κεντηνάρια
1260 572 1400 642 παρὰ
1424 578 1526 626 τῶν
1554 571 1827 626 οἰκούντων
1854 571 2163 641 ἀπολιόρκη-

334 681 423 711 τον
449 657 582 709 εἷάσε
603 673 614 684 ·
643 659 726 708 καὶ
754 658 833 709 ἐπὶ
851 656 1100 709 ’Έδεσσαν
1125 659 1179 710 δὲ
1201 660 1487 727 πορευθεὶς,
1537 657 1629 711 δύο
1651 658 1826 725 λαβὼν
1846 656 2161 728 κεντηνάρια,
2178 672 2206 715 5
2243 711 2251 714 ,.

335 745 437 796 τισὶ
463 744 518 795 δὲ
541 743 625 795 καὶ
651 744 979 810 θεοσημείαις
1005 742 1312 811 ἀπειληθεὶς,
1362 740 1732 813 ἀπολιόρκητον
1757 743 1892 798 εἴασε
1918 744 2164 812 κάκείνην.

336 827 467 896 αὕτη
505 829 639 879 ἐστὶν
667 827 887 880 ’Έδεσσα
900 868 916 892 ,
966 829 1018 879 ἓν
1044 821 1076 898 ᾗ
1103 825 1352 898 Αῧγαρός
1379 849 1431 880 τε
1458 831 1541 880 καὶ
1568 828 1633 881 τὰ
1656 831 1768 899 περὶ
1793 828 2041 898 Αὕγαρον
2067 826 2170 886 πά-

335 920 420 966 λαι
458 913 585 983 πρὸς
620 916 850 982 Χριστοῦ
886 909 1140 983 ἐπράχθη.
1205 906 1357 974 οὗτος
1379 914 1434 966 δὲ
1458 911 1484 966 ὅ
1511 913 1759 984 Αὕγαρος
1785 917 1868 967 καὶ
1895 913 2024 984 παρ’
2050 911 2170 966 Αὕ-
2219 919 2221 921 ’

265 1011 306 1053 D
336 1020 553 1070 γουστον
596 998 685 1050 τὸν
719 995 833 1051 τότε
868 995 1129 1065 Ῥωμαίων
1171 996 1527 1068 αὐτοκράτορα
1565 999 1919 1069 παραγεγονώς
1946 1001 2094 1069 φίλος
2116 1020 2170 1051 τε

337 1087 389 1147 ἐς
423 1083 489 1136 τὰ
529 1079 754 1150 μάλιστα
796 1080 1096 1151 ἐχρημάτισε
1135 1085 1218 1135 καὶ
1251 1083 1344 1151 τὴν
1383 1085 1434 1144 ἐς
1463 1084 1527 1136 τὰ
1556 1087 1711 1137 οῗκεΐα
1740 1082 1988 1138 ἐπάνοδον
2010 1085 2168 1159 σοφία
2186 1096 2241 1139 10

336 1166 706 1239 κατεπράξατο.
791 1168 910 1221 ἀλλ’
941 1166 967 1220 ὅ
988 1189 1039 1236 γε
1063 1165 1308 1237 Χοσρόης
1330 1169 1382 1230 ἐξ
1400 1167 1640 1237 Ἐδέσσης
1663 1167 1866 1239 ἀπάρας
1887 1167 2167 1240 ἐπορεύετο.

511 1278 587 1350 ιγ’.
680 1276 812 1333 Τότε
841 1282 922 1332 καὶ
941 1279 1297 1342 Ἰουστινιανός
1325 1278 1516 1349 ἔγραψε
1538 1290 1647 1344 τοῖς
1669 1282 1961 1352 πρέσβεσιν,
2007 1283 2172 1335 ἔπιτε-

339 1367 498 1420 λέσειν
523 1366 590 1419 τοὶ
615 1365 925 1418 συντεθέντα
951 1362 1228 1435 ὁμολογῶν.
1283 1364 1528 1436 Χοσρόης
1556 1368 1611 1420 δὲ
1634 1367 1704 1420 ἔτι
1725 1369 2174 1429 Κωνσταντιαιόυς
2245 1377 2251 1379 ’

332 1450 579 1522 χρήματα
608 1449 959 1520 εἰσεπράττετο
975 1490 991 1516 ,
1041 1452 1123 1503 καὶ
1151 1452 1230 1503 ἐπὶ
1251 1447 1438 1521 Δάρας
1465 1451 1634 1506 ἐλθών
1659 1450 1935 1523 ἐπολιόρκει
1959 1452 2051 1521 τὴν
2078 1448 2174 1506 πό·-

339 1543 447 1603 λιν,
495 1538 771 1607 Μαρτίνου
801 1542 894 1589 τοῦ
926 1541 1215 1605 στρατηγοῦ
1241 1535 1727 1605 ἔνδονμαχομένου.
1816 1536 2084 1609 ἀπορήσας
2119 1533 2254 1594 δὲ’15;

339 1628 433 1690 τῆς
475 1623 767 1693 πολιορκίας
808 1623 892 1675 καὶ
929 1624 1070 1690 χίλια
1108 1621 1326 1690 σταθμὰ
1348 1620 1571 1695 ἀργύρου
1597 1623 1772 1691 λαβὼν
1794 1624 1846 1686 ἐς
1867 1624 1931 1678 τὰ
1954 1628 2174 1695 Περσῶν

335 1708 445 1777 ἤθη
468 1705 657 1779 ἐχώρει.

162 1839 196 1883 Ρ
230 1836 312 1883 174
509 1819 593 1875 ιδ’.
638 1816 712 1875 ιε’.
760 1816 840 1882 ις’.
887 1816 965 1885 ιζ’.
1052 1823 1160 1874 Καὶ
1194 1818 1315 1883 τοὺς
1346 1819 1614 1889 Ἀντιοχεῖς
1641 1818 1900 1886 ἅπαντας,
1947 1816 2095 1874 πόλιν
2121 1819 2173 1873 ἔν
2248 1799 2254 1801 -

332 1905 618 1977 Ἀσσυρίοις
653 1903 951 1973 δειμάμενος
977 1902 1097 1958 ὁδὸν
1127 1903 1322 1976 ἡμέρας
1358 1905 1459 1960 ἀπὸ
1486 1909 1859 1978 Κτησιφῶντος
1887 1905 2172 1974 διέχουσαν,

331 1989 635 2060 Ἀντιόχειάν
673 2012 727 2044 τε
766 1990 859 2059 τὴν
893 1987 1138 2062 Χοσρόου
1166 1991 1411 2057 καλέσας,
1457 1992 1509 2045 ἐν
1534 1992 1665 2064 αὐτῇ
1692 1988 1964 2066 συνῴκισε,
2010 1982 2254 2075 πολλῇἎξ

453 2157 498 2200 3.
527 2151 692 2210 πόλιν]
723 2152 863 2200 πάλιν
891 2155 1014 2198 Bess.
1161 2157 1202 2200 5.
1231 2153 1388 2214 λαβών
1414 2151 1693 2211 κεντηνάρια
1720 2131 1844 2198 Bess-
1902 2151 2177 2211 κεντηνᾶρια

452 2211 608 2270 λαβών
636 2213 687 2258 P.
832 2214 872 2256 5.
910 2210 960 2256 δὲ
990 2210 1088 2255 add.
1119 2213 1240 2255 Bess.
1383 2214 1425 2257 6.
1454 2213 1534 2257 καὶ
1562 2213 1660 2257 add.
1692 2212 1812 2255 Bess.
1946 2214 1988 2256 8.
2021 2209 2045 2258 ὁ
2076 2213 2177 2257 add.

450 2271 574 2338 Bess.
720 2272 788 2316 16.
832 2267 1035 2325 ἀργύρου
1066 2271 1189 2314 Besa
1249 2266 1475 2345 ἀργυρίου
1505 2270 1555 2316 Ρ.
1701 2271 1770 2317 18.
1811 2266 2023 2322 ἅπαντας
2051 2270 2176 2315 Bess.

453 2341 632 2379 παντας
659 2326 712 2371 Ρ.
830 2330 899 2372 19.
933 2326 1169 2384 ἀσσυριόις
1200 2327 1324 2371 Bess.
1386 2329 1591 2386 Λσσυρίᾳ
1621 2327 1675 2374 Ρ.

343 2469 558 2513 discessit.
616 2469 737 2513 Inter
778 2485 888 2526 quae
919 2471 1035 2515 circa
1074 2470 1319 2515 adorandae
1348 2486 1400 2514 ac
1438 2469 1642 2515 vivificae
1671 2467 1823 2512 Crucis
1863 2467 2021 2525 lignum
2050 2468 2178 2514 mira-

342 2527 482 2586 culum
512 2527 708 2583 contigit.
766 2529 984 2572 Narratur
1015 2529 1142 2572 etiam
1172 2530 1294 2572 ludos
1323 2537 1542 2587 equestres
1570 2526 1725 2570 ibidem
1754 2531 1986 2582 spectasse.

461 2599 530 2641 12.
590 2597 696 2641 lnde
726 2600 781 2643 ad
806 2600 1050 2643 Chalcidem
1080 2601 1224 2643 urbem
1256 2612 1508 2657 progressus
1538 2600 1618 2645 est,
1648 2603 1694 2640 et
1722 2597 1917 2640 ducentis
1948 2596 2041 2640 auri
2071 2611 2178 2654 pon·

338 2653 394 2696 do
427 2654 481 2696 ab
523 2655 674 2696 incolis
705 2658 898 2710 exactis,
951 2657 1042 2700 sine
1073 2658 1297 2701 obsidione
1335 2655 1534 2700 recessit.‘
1599 2653 1730 2697 Venit
1757 2654 1855 2697 hinc
1899 2655 2104 2698 Edessam
2134 2658 2180 2698 et
2228 2663 2254 2716 ’ρ

336 2711 600 2754 tantumdem
631 2713 832 2767 abstulit,
863 2729 915 2757 ac
944 2716 1078 2772 signis
1108 2715 1356 2770 quibusdam
1386 2713 1543 2757 divinis
1574 2712 1831 2764 deterritus,
1872 2712 1982 2755 hanc
2012 2726 2179 2769 quoqne
2220 2722 2254 2770 3·

337 2769 484 2810 urbem
515 2782 597 2810 non
627 2769 811 2813 obsedit.
872 2772 992 2814 Haec
1020 2773 1187 2815 Edessa
1214 2772 1288 2815 illa
1317 2775 1405 2821 est,
1453 2771 1498 2814 in
1527 2783 1613 2826 qua
1642 2771 1866 2824 Augurus,
1913 2783 2107 2825 quaeque
2134 2769 2179 2812 in
2216 2770 2251 2830 ’,ξ’

337 2825 413 2868 ino
444 2825 677 2881 antiquitus
709 2840 786 2883 per
817 2828 1034 2871 Christum
1065 2835 1262 2884 patrata:
1305 2827 1500 2885 idemque
1529 2826 1600 2870 hic
1628 2827 1851 2883 Augarus,
1899 2825 1973 2882 qui
2003 2825 2058 2868 ad
2089 2828 2180 2869 Au·
2231 2847 2245 2850 ⁴*

339 2887 507 2938 gustum
538 2889 640 2925 tunc
663 2883 946 2927 Romanorum
970 2885 1272 2942 Imperatorem
1302 2887 1538 2942 profectus,
1569 2883 1703 2927 amico
1735 2898 1786 2927 eo
1813 2882 1859 2925 in
1891 2882 2035 2938 primis
2060 2896 2177 2935 usus,
2236 2882 2246 2926 '.·

340 2944 390 2981 ut
414 2939 474 2980 illi
502 2939 556 2981 ad
580 2953 679 2982 suos
697 2941 839 2983 redire
864 2943 1034 2986 nonnisi
1068 2942 1247 2986 solertia
1275 2943 1457 3000 quadam
1485 2941 1545 2984 sit
1570 2941 1728 2984 datum.
1784 2939 1858 2982 Sic
1882 2939 2018 2996 igitur
2041 2939 2180 2983 Chos-
2233 2937 2252 2996 ξ.Ι

341 3009 440 3040 roes
471 2996 639 3039 Edessa
667 2997 880 3043 discessit.

459 3055 528 3098 13.
587 3053 656 3095 Ea
687 3054 816 3097 etiam
843 3059 1100 3110 tempestate
1128 3055 1286 3111 legatis
1314 3055 1403 3097 suis
1428 3052 1691 3096 Iustinianus
1716 3053 1956 3109 rescripsit,
1985 3059 2180 3109 paratum

343 3124 393 3153 se
433 3117 563 3166 pacta
605 3120 815 3153 conventa
857 3113 976 3167 pacis
1021 3113 1245 3167 perficere.
1315 3113 1530 3154 chosroes
1559 3109 1829 3152 nihilominus
1860 3111 2182 3154 Constantiaeis

341 3167 565 3225 pecuniam
594 3166 832 3223 imperavit,
866 3175 910 3210 et
934 3169 1073 3211 Daras
1103 3170 1289 3220 delatus,
1319 3169 1465 3211 urbem
1488 3166 1644 3209 cinxit:
1675 3181 1799 3222 quam
1829 3172 1969 3210 tamen
1993 3167 2179 3211 Martino
2240 3171 2244 3199 ἱ

342 3226 452 3268 duce
481 3226 590 3267 hanc
617 3232 935 3280 propugnante,
988 3225 1042 3268 de
1087 3225 1318 3267 obsidionis
1345 3238 1543 3267 successu
1574 3223 1799 3275 diffidens,
1846 3239 1929 3268 non
1959 3238 2182 3282 oppugna·
2231 3220 2254 3236 '‘

343 3283 434 3326 vit:
467 3283 546 3325 sed
575 3282 764 3336 acceptis
794 3283 904 3326 mille
932 3282 1101 3336 argenti
1131 3282 1271 3338 pondo
1302 3283 1345 3324 in
1378 3281 1594 3324 Persidem
1623 3282 1851 3324 concessit.
2218 3302 2219 3335 3

462 3338 543 3383 14.
565 3339 632 3383 15.
664 3338 732 3384 16.
764 3342 831 3384 17.
892 3339 1176 3381 Antiochenos
1218 3353 1321 3381 vero
1362 3338 1407 3380 in
1445 3351 1594 3380 recens
1634 3352 1661 3382 a
1699 3352 1747 3381 se
1785 3337 1958 3381 condita
1999 3339 2105 3380 urbe
2133 3337 2178 3380 in
2220 3335 2234 3388 ,”

346 3397 391 3440 in
419 3397 620 3452 Assyria,
649 3409 759 3451 quae
788 3395 875 3441 diei
903 3397 1059 3439 itinere
1089 3410 1115 3438 a
1144 3395 1428 3451 Ctesiphonte
1458 3395 1672 3449 distabat,
1703 3401 1750 3439 et
1783 3395 2007 3438 Antiochia
2037 3395 2178 3437 Chos-
2232 3397 2235 3406 '

347 3469 451 3499 roae
478 3453 791 3513 appellabam*
834 3468 918 3499 ⁰¹¹³
946 3466 1090 3499 ⁰m¹²e⁸
1117 3453 1312 3498 habitare
1340 3453 1481 3507 iussn,
1511 3459 1633 3498 tanta
1661 3452 1986 3498 benevolentiae
2013 3451 2178 3508 signifi-
