2254 3814
322 81 443 137 328
1069 79 1402 134 PROCOPH

323 222 601 276 Θεοδοσίου
627 220 806 281 παιδὸς
833 217 1118 289 ἐγενέσθην.
1189 218 1291 294 ὅτῳ
1313 221 1370 273 δὲ
1392 213 1564 293 τρόπῳ
1594 217 2010 283 Οὗαλεντινιανός
2031 219 2137 274 ἔτε-

316 305 499 374 λεύτα,
540 307 694 369 λέξων
718 303 946 373 ἔρχομαι.

487 388 733 457 Μάξιμος
768 383 831 456 ἦν
871 410 947 451 τις
984 389 1037 442 ἐκ
1063 388 1327 459 γερουσίας
1350 387 1479 459 ἀνὴρ
1498 386 1774 455 Ῥωμαῖος,
1820 388 1875 440 ἐκ
1898 393 1990 454 τῆς
2015 389 2139 441 ἐκεί-

136 486 177 528 V
209 485 290 530 351
321 499 410 530 νου
437 477 686 542 Μαξίμου
711 474 886 539 οῗκιάς,
927 472 985 527 ὃν
1011 471 1351 545 πρεσβύτερος
1375 470 1649 535 Θεοδόσιος
1673 478 2019 542 τυραννοῦντα
2046 494 2140 525 κοι-

317 560 486 616 θελών
515 558 750 612 ἔκτεινεν·
792 555 919 628 ὑπὲρ
945 551 1005 611 οὗ
1032 559 1095 627 δὴ
1120 561 1204 611 καὶ
1225 558 1317 626 τὴν
1344 555 1592 612 ἐνιαύσιον
1613 556 1794 626 ἑορτὴν
1818 557 1996 626 ἄγουσι
2012 555 2179 613 ‘Pto-5

316 654 459 713 μαΐοι
507 649 601 712 τῆς
641 648 732 696 τοῦ
770 645 1020 710 Μαξίμου
1074 642 1236 712 ’ἥσσης
1276 640 1555 710 ἐπώνυμον.
1646 635 1798 728 0ἷῖος
1837 639 1863 696 ὅ
1899 639 2141 711 νεώτερος

318 727 565 795 Μάξιμος
603 729 797 798 γυναικὶ
835 725 1039 800 ξυνῴκει
1077 726 1310 798 σιῦφρονί
1342 749 1396 780 τε
1428 727 1518 781 τὸν
1547 723 1739 796 τρόπον
1767 729 1849 780 καὶ
1874 727 1931 780 τὸ
1957 725 2141 788 κάλλος

314 811 573 886 διαβοήτῳ
607 815 658 874 ἐς
694 811 821 881 ἄγαν
845 811 989 882 οὔσῃ.
1081 814 1158 865 διὸ
1186 813 1249 880 δὴ
1278 812 1410 883 αὐτῇ
1440 813 1490 873 ἒς
1517 813 1690 880 κοίτην
1718 813 1884 864 έλθεῗν
1915 811 2140 864 Οὐαλεν-

315 903 521 971 τινιανῷ
547 919 624 959 τις
646 899 892 963 ἐπιθυμία
917 897 1119 966 ἐγένετο.
1208 899 1291 950 καὶ
1315 899 1416 950 ἐπεὶ
1442 897 1736 970 βουλομένῳ
1763 897 1894 966 αὐτῇ
1921 897 2141 965 ξυγγενέ-

315 990 445 1038 σθαι
483 981 723 1051 ἀμήχανα
761 976 852 1050 ἦν,
900 980 1170 1049 ἐβούλευσέ
1200 1003 1253 1035 τε
1288 980 1466 1035 ἀνόσια
1503 981 1621 1050 ἔργα
1648 984 1729 1034 καὶ
1754 983 1951 1048 ἐπιτελῆ
1975 986 2137 1033 ταῦτα
2157 996 2211 1037 10

140 1071 176 1113 P
210 1072 289 1116 187
321 1070 539 1137 ε’ποίησε.
621 1064 1080 1135 μεταπεμψάμενος
1128 1066 1225 1136 γὰρ
1274 1067 1362 1119 τὸν
1402 1063 1648 1133 Μάξιμον
1680 1068 1731 1128 ἐς
1768 1064 2013 1118 παλάτιον
2053 1066 2142 1128 ξὺν

314 1154 455 1227 αῧτῷ
493 1155 544 1215 ἔς
578 1152 638 1204 τὸ
675 1148 925 1204 πεττεύειν
959 1152 1272 1214 καθίστατο,
1320 1153 1402 1203 καὶ
1433 1151 1645 1219 χρυσιόν
1670 1150 1825 1221 ῥητὸν
1852 1152 2083 1203 ἐτέτακτο
2108 1148 2140 1218 ἦ

315 1240 469 1308 ζημία
497 1242 569 1309 τῷ
594 1234 902 1304 ἡσσηθέντι·
945 1235 1211 1303 νενικηκὼς
1241 1235 1296 1287 δὲ
1326 1233 1352 1287 ὃ
1374 1234 1613 1302 βασιλεὺς
1645 1232 1697 1287 ἓν
1721 1232 1886 1307 τούτῳ
1916 1241 1988 1307 τῷ
2014 1234 2142 1308 ἔργῳ

312 1327 396 1377 καὶ
420 1323 509 1376 τὸν
536 1323 787 1388 Μαξίμου
815 1317 1083 1372 δακτύλιον
1107 1319 1340 1389 ἐνέχυρον
1367 1324 1441 1392 τῷ
1468 1319 1763 1392 ξυγκειμένῳ
1790 1320 2143 1387 κεκομισμένος

312 1411 364 1470 ἒς
388 1408 480 1475 τὴν
506 1407 692 1459 ἐκείνου
718 1405 879 1459 οἰκίαν
905 1405 1116 1472 πέμπει,
1161 1407 1312 1458 εἰπεῖν
1348 1405 1627 1466 ἐπιστείλας
1656 1410 1720 1476 τῇ
1754 1407 1945 1473 γυναικὶ
1972 1403 2048 1458 ὅτι
2075 1405 2138 1474 δὴ
2156 1414 2209 1459 15

309 1492 473 1559 αὐτὴν
508 1488 691 1544 κελεύει
726 1487 973 1556 Μάξιμος
1011 1487 1082 1551 ὥς
1119 1487 1335 1558 τάχιστα
1362 1491 1412 1551 ἐς
1434 1485 1682 1542 παλάτιον
1713 1488 1847 1558 ἥκειν
1872 1490 1964 1558 τὴν
1986 1495 2141 1556 βασι-

307 1579 427 1630 λίδα
470 1575 723 1638 Εὐδοξίαν
758 1574 1134 1643 ἀσπασομένην.
1221 1577 1303 1627 καὶ
1331 1572 1360 1642 ἦ
1385 1575 1478 1642 μὲν
1501 1574 1590 1627 τὸν
1618 1571 1769 1643 λόγον
1795 1581 1866 1647 τῷ
1888 1577 2139 1648 δακτυλίῳ

306 1661 658 1730 τεκμηραμένη
696 1662 949 1728 Μαξίμου
988 1657 1111 1712 εἶναι
1153 1657 1349 1727 ἔσβᾶσα
1394 1660 1444 1720 ἐς
1476 1658 1533 1711 τό
1572 1667 1775 1729 φορεῖον
1815 1663 2066 1727 κομίζεται
2090 1661 2142 1722 ἔς

305 1746 401 1815 τὴν
424 1745 674 1814 βασιλέως
705 1742 884 1813 αὐλήν,
927 1742 1172 1811 λαβόντες
1198 1745 1253 1796 δὲ
1279 1743 1439 1810 αὐτὴν
1465 1740 1541 1804 οἷς
1568 1743 1632 1812 δὴ
1656 1741 1788 1812 αὕτη
1811 1746 1865 1797 ἐκ
1889 1745 2140 1811 βασιλέως

307 1829 343 1900 ἦ
381 1829 633 1902 ὑπουργία
666 1831 881 1882 ἐπέκειτο
893 1870 911 1895 ,
956 1826 1242 1898 εἰσάγουσιν
1270 1828 1337 1889 εἴς
1363 1849 1410 1880 τι
1437 1825 1696 1895 δωμάτιον
1724 1834 1816 1896 τῆς
1842 1831 2209 1898 γυναικωνί-ΞΟ

307 1918 447 1978 τιδος
469 1914 674 1987 μακρὰν
696 1914 912 1978 ἄποθεν,
960 1906 1020 1967 οἷ)
1046 1914 1110 1982 δὴ
1133 1913 1263 1986 αὐτῇ
1290 1910 1316 1966 ὃ
1347 1912 1765 1975 Οὐαλεντινιανὸς
1787 1914 2004 1982 ἐντυχὼν
2028 1914 2140 1968 οὔτι

417 2064 462 2109 3.
492 2056 552 2121 ἦν
580 2063 674 2118 τις]
707 2079 776 2114 τις
805 2055 863 2119 ἦν
887 2064 938 2106 Α.
1054 2065 1121 2107 10.
1153 2058 1369 2117 ἀμήχανοι
1394 2061 1488 2104 AV·
1545 2057 1784 2117 ἀμήχανον
1812 2062 1862 2110 Ρ.
1980 2062 2045 2107 14.
2073 2064 2140 2120 τῷ

420 2121 692 2179 ξυγκειμένςο
722 2117 1029 2176 (συγκειμένῳ
1059 2120 1162 2175 V)]
1196 2122 1282 2164 τοῦ
1310 2117 1603 2176 ξυγκειμένου
1632 2120 1723 2163 Pm.
1897 2122 1966 2165 18.
2011 2119 2057 2170 ἐς
2087 2124 2137 2164 Α.

418 2180 485 2228 εἰς
514 2179 605 2220 PV.
734 2179 838 2222 ibid.
882 2175 927 2227 ἐς
955 2175 1008 2220 τὸ
1041 2179 1090 2220 Α.
1150 2177 1216 2228 εἰς
1249 2175 1300 2221 τό
1332 2178 1424 2220 PV.
1556 2178 1625 2222 19.
1664 2175 1879 2235 λαβόντες
1907 2177 1958 2222 δὲ
1989 2177 2138 2230 αὐτήν

420 2234 571 2277 addidi
599 2249 653 2278 ex
682 2235 736 2279 v.
763 2242 766 2246 ·
834 2236 938 2277 ibid.
969 2232 1027 2290 δὴ
1059 2234 1150 2283 AV,
1180 2232 1230 2279 δὲ
1261 2236 1309 2277 Ρ.
1407 2234 1510 2279 ista.
1541 2229 1661 2290 αὕτη
1691 2249 1771 2280 om.
1799 2236 1851 2278 A.
1952 2237 2023 2279 21.
2056 2230 2134 2291 οὗ]

419 2289 477 2335 οὐ
509 2291 560 2362 P?
608 2350 645 2392 P
731 2293 834 2335 ibid.
865 2288 1241 2345 otiwlwtwcoevdc
1270 2292 1327 2334 Η.
1382 2291 1787 2350 βουαλεντινιανὸς
1813 2292 1864 2335 L.
1923 2295 2137 2337 Βαλεντι-

416 2364 580 2400 νιανος
647 2380 658 2392 .

304 2461 506 2515 mascula,
534 2462 610 2506 sed
640 2462 818 2507 filiarum
848 2462 1056 2506 duntaxat
1084 2462 1194 2521 pari,
1227 2476 1332 2519 quas
1361 2476 1414 2506 ex
1443 2462 1645 2506 Eudoxia
1673 2460 1907 2507 Theodosii
1928 2462 2021 2506 filia
2041 2476 2137 2506 sus-

303 2524 493 2576 ceperat.
550 2520 678 2562 Nunc
707 2520 761 2562 ad
790 2521 937 2563 mortis
967 2521 1060 2563 eius
1101 2521 1384 2563 narrationem
1413 2526 1599 2564 transeo.

418 2575 627 2618 Maximus
651 2578 820 2631 quidam
851 2582 946 2621 erat
973 2584 1146 2620 senator
1173 2578 1400 2628 Romanus,
1442 2592 1469 2620 a
1498 2577 1634 2633 stirpe
1663 2573 1922 2619 ortus‘illius
1943 2576 2134 2629 Maximi,

302 2646 426 2688 quem
455 2632 728 2676 Theodosius
759 2635 892 2676 maior
922 2648 1013 2676 cum
1043 2633 1295 2690 tyrannide,
1326 2639 1412 2676 tum
1442 2633 1533 2676 vita
1561 2632 1748 2690 expulit:
1787 2633 1907 2674 cuius
1937 2634 1998 2675 rei
2029 2647 2134 2689 gra-

299 2690 362 2731 tia
392 2689 569 2731 Romani
598 2690 749 2732 festum
779 2692 952 2734 solenne
982 2691 1036 2733 de
1067 2691 1231 2733 nomine
1261 2690 1392 2732 cladis
1424 2689 1599 2733 Maximi
1629 2690 1786 2732 dictum
1817 2690 2134 2734 concelebrant.

300 2746 446 2789 Minor
474 2746 546 2787 hic
574 2746 786 2789 Maximus
826 2762 997 2790 uxorem
1029 2749 1216 2790 habebat
1244 2747 1451 2803 singulari
1491 2745 1751 2790 continentia
1781 2751 1825 2788 et
1854 2746 1989 2789 forma
2019 2761 2133 2789 com-

301 2802 645 2844 mendatissimae
687 2805 824 2847 famae
853 2805 1104 2861 praeditam,
1164 2804 1276 2846 Hinc
1306 2809 1407 2846 nata
1438 2804 1686 2847 concubitus
1728 2803 1927 2844 obscoeni
1956 2803 2132 2846 libidine

302 2858 458 2901 ardens
480 2858 815 2914 Valentinianus,
853 2876 944 2904 cum
986 2863 1040 2903 ad
1080 2866 1272 2916 optatum
1299 2861 1482 2903 feminae
1511 2873 1783 2916 congressum
1813 2859 1924 2901 nulla
1954 2859 2024 2901 via
2052 2862 2132 2902 da-

303 2923 452 2966 retur,
494 2916 700 2958 nefarium
731 2917 813 2959 hoc
841 2917 1106 2971 excogitavit
1147 2917 1366 2959 consilium
1410 2924 1454 2959 et
1495 2917 1678 2974 peregit.
1750 2915 1900 2957 Accito
1929 2915 1974 2957 in
2005 2917 2133 2972 pala-

301 2973 405 3015 tium
434 2972 645 3025 Maximo,
691 2987 786 3015 cum
815 2989 865 3016 eo
895 2975 1042 3030 coepit
1071 2975 1320 3016 latrunculis
1349 2974 1519 3028 ludere,
1562 2973 1676 3015 dicto
1701 2971 1844 3028 prim,
1891 2973 2004 3027 quod
2035 2973 2130 3015 auri

299 3043 470 3070 numero
507 3029 782 3071 mulctaretur
812 3031 886 3086 qui
915 3031 1052 3072 victus
1091 3038 1220 3074 esset.
1278 3031 1486 3087 Superior
1512 3029 1715 3096 princeps
1755 3028 1927 3083 pignori
1970 3028 2130 3086 accipit

300 3099 353 3127 ex
383 3091 602 3141 compacto
634 3087 828 3128 annulum
860 3087 1056 3130 Maximi:
1102 3101 1196 3129 mox
1226 3087 1387 3130 domum
1417 3087 1547 3129 mittit
1575 3086 1648 3142 qui
1679 3084 1812 3141 ipsius
1841 3085 1964 3127 uxori
1993 3086 2129 3140 sigui·

298 3143 428 3184 ficent
455 3142 564 3185 velle
589 3141 814 3184 Maximum
843 3149 890 3184 ut
917 3144 960 3185 in
991 3143 1192 3199 palatium
1225 3143 1523 3200 quamprimum
1553 3141 1713 3192 veniat,
1755 3142 1932 3184 salutem
1961 3142 2128 3185 dictura

298 3202 530 3254 Augustae.
587 3198 666 3241 Illa
704 3199 940 3242 mandatum
979 3213 1080 3241 vere
1119 3214 1146 3241 a
1185 3200 1372 3242 Maximo
1417 3199 1603 3255 perferri
1639 3198 1822 3241 coniecit
1863 3213 1916 3240 ex
1946 3198 2123 3242 annulo:

298 3264 383 3297 tum
412 3256 604 3298 lecticam
634 3255 828 3311 ingressa
857 3262 902 3298 et
930 3255 986 3298 ad
1029 3255 1164 3298 aulam
1196 3257 1340 3298 delata
1368 3255 1645 3313 Imperatoris
1663 3285 1675 3306 ,
1723 3270 1749 3298 a
1776 3254 1972 3297 lenocinii
2001 3255 2125 3297 mini·-

297 3313 399 3354 stris
440 3312 482 3354 in
513 3311 721 3368 quoddam
766 3312 997 3355 cubiculum
1039 3311 1255 3354 inducitur
1284 3327 1309 3354 a
1338 3326 1558 3368 gynaeceo
1599 3311 1828 3363 remotius,
1881 3312 1953 3354 ubi
1987 3312 2125 3367 ipsam

301 3369 621 3413 Valentinianus
650 3369 869 3421 convenit,
910 3369 1081 3427 vimque
1108 3368 1255 3413 attulit
1294 3369 1543 3413 obluctanti.
1602 3370 1709 3412 Post
1737 3368 1903 3412 foedam
1934 3368 2124 3426 corporis
