2254 3814
354 178 478 234 402
1106 176 1442 230 PROCOPH

352 319 484 391 νειν)
532 316 825 388 ἀγγέλλουσι
850 319 922 388 τῷ
947 319 999 369 Γ
995 315 1181 386 ελίμερι
1206 317 1436 371 ἐνταῦθα
1461 315 1602 373 εἶναι.
1679 320 1761 371 καὶ
1789 315 1846 381 ὃς
1867 321 2188 388 τριακοσίους

354 403 724 470 ἀπολεξάμενος
747 403 1017 455 Βανδίλων
1041 403 1221 464 ἱππέας
1243 403 1324 455 ἐπ’
1354 403 1542 466 αὐτοὺς
1566 404 1780 470 ἔστελλε,
1807 406 2000 469 ζῶντας
2024 403 2187 458 ἅπαν-

350 513 446 553 τας
487 489 767 548 ἐπιστείλας
802 486 930 557 παρ’
973 486 1129 541 αὐτὸν
1154 488 1370 558 ἀγαγεῖν.
1457 486 1609 559 λόγου
1632 489 1729 560 γὰρ
1754 495 1944 542 πολλοῦ
1972 489 2112 552 ἄξιόν
2141 492 2188 544 οἶ

351 576 516 637 ἔδοξεν
544 570 668 626 εἶναι
691 573 997 642 Βελισαρίου
1020 571 1310 645 δορυφόρον
1334 574 1423 637 ξὺν
1444 572 1787 636 ὖπασπισταΐς
1812 572 1904 628 δίο
1928 578 2011 627 καὶ
2033 576 2187 628 εἴκοσι

287 671 324 712 C
356 655 703 729 δοριαλώτους
740 655 1078 724 ποιήσασθαι.
1166 660 1214 712 οἳ
1251 660 1344 727 μὲν
1387 654 1476 712 οὖν
1516 661 1650 732 ἀμφὶ
1677 660 1925 729 Διογένην
1951 662 2001 722 ἒς
2025 663 2229 718 οῗκίανὸ

350 741 720 812 εἶσεληλυθότες
754 743 870 796 τινὰ
911 740 1194 797 ἐκάθευδον
1219 745 1271 797 ἒν
1294 751 1366 817 τῷ
1394 743 1637 819 ὗπερῴῳ,
1693 747 1934 813 πολέμιον
1962 746 2111 800 οὐδὲν
2138 748 2190 799 ἓν

348 836 420 904 νῷ
457 829 679 897 ἔχοντες,
724 830 775 882 οἵ
805 849 859 897 γε
894 829 1098 899 μακρὰν
1134 829 1331 883 ἀπεῖναι
1356 831 1475 893 τούς
1500 832 1758 892 ἐναντίους
1781 829 2053 886 ἐπύθοντο.
2143 832 2191 884 οἶ

351 917 406 969 δὲ
451 917 699 968 Βανδίλοι
744 913 943 984 ὄρθρου
977 915 1177 983 βαθέος
1215 917 1446 969 ἐνταῦθα
1479 915 1720 978 ἐλθόντες
1761 919 2060 986 διαφθεῖραι
2097 918 2190 984 μὲν

301 1000 305 1005 ’
349 1001 443 1063 τὰς
482 1001 640 1071 ε’κείνῃ
673 997 846 1070 θύρας
881 1000 964 1051 καὶ
1002 1001 1053 1061 ἐς
1088 1000 1181 1069 τὴν
1210 1003 1372 1054 οἰκίαν
1396 1005 1640 1055 εἰσελθεῖν
1665 1000 1865 1072 νύκτωρ
1891 999 2190 1072 ἀξύμφορον

349 1088 525 1158 σφίσιν
566 1084 728 1158 ᾤοντο
770 1083 894 1138 εἶναι
911 1125 926 1149 ,
973 1087 1228 1148 δείσαντες
1259 1087 1331 1155 μὴ
1363 1089 1414 1149 ἐς
1442 1088 1784 1155 νυκτομαχίαν
1809 1086 2189 1152 ἐμπεπτωκότες
2206 1103 2246 1144 1(

352 1172 499 1226 αὐτοὶ
535 1172 628 1237 μὲν
663 1176 802 1240 σφᾶς
843 1169 1032 1232 αὐτοὺς
1060 1174 1460 1242 διαφθείρωσιν,
1508 1172 1682 1234 ἔξοδον
1713 1174 1768 1224 δὲ
1796 1181 1903 1233 τοῖς
1933 1175 2191 1240 πολεμίοις

347 1259 400 1310 ἐν
428 1253 628 1329 σκότῳ,
678 1255 741 1309 ἂν
770 1252 905 1308 οὕτω
931 1253 1106 1323 τύχοι,
1151 1257 1453 1326 παρὲξωσιν.
1538 1256 1796 1325 ἔπρασσον
1823 1259 1879 1310 δὲ
1906 1264 2069 1311 ταῦτα
2097 1264 2189 1326 τῆς

350 1344 537 1404 δειλίας
564 1341 737 1402 αὐτοῖς
766 1338 1152 1410 ἓκπλησσούσης
1176 1341 1266 1394 τὸν
1290 1348 1429 1408 νοῦν,
1476 1342 1642 1413 παρὸν
1665 1344 1839 1412 σφίσιν
1863 1343 2025 1396 οὐδενὶ
2049 1342 2185 1416 πόνῳ

282 1440 323 1482 D
354 1427 570 1500 φέρουσί
588 1447 642 1479 τε
668 1425 806 1494 πυρὰ
828 1427 910 1478 καὶ
933 1424 1130 1479 τούτων
1159 1427 1437 1497 χωρὶς-οὐχ
1462 1426 1583 1481 ὅσον
1611 1426 1888 1493 ἀνόπλους,
1936 1429 2068 1482 ἀλλὰ
2105 1431 2188 1482 καὶ

349 1512 573 1584 γυμνοὶ-ς
609 1508 908 1565 παντάπασι
944 1511 1065 1573 τοὺς
1103 1515 1374 1580 πολεμίους
1412 1515 1489 1565 ἐπὶ
1517 1519 1618 1567 τῶν
1645 1512 1963 1584 στρωμάτων
1992 1521 2181 1582 λαβεῖν.
2203 1525 2246 1568 1ξ

350 1600 459 1652 νυνὶ
488 1599 544 1651 δὲ
568 1596 702 1669 ἀμφὶ
727 1596 820 1665 τὴν
844 1598 1006 1649 οἰκίαν
1035 1596 1244 1650 ἅπασαν
1285 1596 1452 1671 κύκλῳ
1482 1601 1566 1652 καὶ
1594 1597 1939 1670 διαφερόντως
1971 1600 2062 1662 τὰς
2084 1598 2188 1653 θί-

350 1705 443 1753 ρας
486 1681 720 1755 φάλαγγα
758 1678 1088 1750 ποιησάμενοι
1130 1682 1350 1752 ἔστησαν
1392 1683 1628 1746 ἅπαντες.
1717 1687 1770 1738 ἓν
1811 1683 1976 1758 τούτῳ
2006 1687 2060 1739 δὲ
2085 1692 2186 1739 τῶν

342 1768 606 1837 Ῥωμαίων
631 1773 959 1838 στρατιωτῶν
982 1766 1052 1820 ἑνὶ
1076 1769 1130 1831 ἐξ
1151 1767 1314 1822 ὕπνου
1343 1769 1624 1839 ἀναστῆναι
1652 1771 1864 1839 ξυνέβη,
1910 1769 2064 1841 ὅσπερ
2093 1777 2185 1824 τοῦ

347 1844 585 1926 θορύβου
624 1851 933 1922 αἰσθόμενος
950 1895 966 1920 ,
1015 1851 1074 1908 ὃν
1102 1853 1166 1923 δὴ
1194 1855 1242 1907 οἱ
1270 1857 1515 1909 Βανδίλοι
1539 1854 1882 1926 φθεγγόμενοί
1902 1878 1955 1909 τε
1985 1859 2036 1910 ἒν
2064 1859 2185 1927 σφί-

350 1961 430 1994 σιν
454 1940 629 2002 αὗτοῖς
652 1936 828 2010 λάθρα
853 1939 1056 1994 ἒποίουν
1084 1941 1168 1992 καὶ
1195 1940 1284 2002 ’ξῦν
1310 1949 1414 2002 τοῖς
1438 1940 1612 2003 ὅπλοις
1637 1939 1945 2008 κινούμενοι,
1983 1945 2182 2008 ξυμβα-

350 2031 452 2079 λεῖν
493 2025 552 2079 τὸ
596 2021 898 2093 ποιούμενον
936 2025 1142 2092 ἴσχυσε,
1194 2027 1278 2077 καὶ
1326 2031 1428 2079 τῶν
1470 2024 1685 2097 ἑταίρων
1724 2026 1981 2097 ἀνεγείρας
2017 2033 2183 2099 σιωπῇ

348 2111 561 2166 ἕκαστον
598 2115 664 2164 τὰ
711 2107 1044 2180 πρασσόμενα
1094 2107 1287 2180 φράζει.
1377 2111 1426 2164 οἳ
1476 2113 1532 2164 δὲ
1573 2112 1848 2181 Διογένους
1900 2110 2074 2183 γνώμῃ
2116 2111 2183 2166 τά

170 2202 210 2242 V
240 2201 323 2244 381
354 2218 407 2250 τε
451 2194 629 2266 ἱμάτια
669 2193 1049 2250 ἐνδιδύσκονται
1087 2191 1252 2264 ἡσυχῆ
1291 2195 1510 2260 ἅπαντες
1531 2199 1615 2250 καὶ
1639 2196 1706 2250 τοὶ
1731 2195 1864 2251 ὅπλα
1892 2197 2184 2266 ἀνελόμενοι

347 2279 486 2337 κάτω
511 2279 751 2354 ἐχώρουν.
838 2274 898 2335 οὗ
927 2281 991 2349 δὴ
1017 2287 1124 2343 τοῖς
1137 2281 1314 2344 ἵπποις
1337 2282 1459 2345 τοὺς
1473 2282 1717 2352 χαλινοὺς
1741 2282 2027 2352 ἐπιθέμενοι
2053 2283 2183 2337 ἀνα-

463 2434 508 2476 9.
538 2429 618 2477 καὶ
644 2431 840 2477 Grotius.
902 2431 1042 2489 Vulgo
1071 2427 1117 2488 ἢ.

349 2573 558 2617 Gelimeri
587 2573 787 2617 nuntiant
815 2572 932 2631 apud
962 2587 1008 2616 se
1037 2586 1148 2616 esse.
1205 2571 1250 2616 Is
1267 2573 1475 2633 ⁵protinus
1503 2572 1692 2617 delectos
1720 2573 1887 2632 equites
1917 2588 2011 2617 ccc.
2062 2575 2180 2618 Van-

348 2630 469 2675 dalos
498 2646 548 2674 eo
577 2631 791 2684 destinat,
835 2631 959 2674 vivos
990 2631 1044 2673 ad
1072 2644 1120 2673 se
1161 2645 1306 2675 omnes
1346 2630 1501 2673 adduci
1530 2632 1692 2674 iubens.
1765 2633 1992 2675 Enimvero
2022 2646 2181 2687 operae

347 2688 531 2745 pretium
560 2702 655 2731 esse
682 2689 892 2739 ducebat,
939 2687 976 2730 si
1018 2687 1269 2744 armigerum
1301 2688 1499 2731 Belisarii
1528 2703 1619 2731 cum
1648 2689 1865 2732 scutiferis
1894 2703 2002 2732 xxn.
2034 2690 2182 2746 capti-
2226 2716 2229 2721 ι

348 2759 428 2787 vos
457 2745 651 2787 haberet.
709 2746 827 2800 Ergo
859 2745 1100 2800 Diogenes,
1144 2751 1188 2788 et
1217 2745 1292 2801 qui
1321 2745 1456 2802 ipsum
1483 2747 1795 2802 sequebantur,
1839 2748 2004 2789 domum
2034 2761 2182 2802 quam-

349 2802 443 2843 dam
472 2802 679 2856 ingressi,
710 2803 754 2844 in
784 2803 996 2858 superiori
1024 2807 1151 2858 parte
1179 2801 1313 2859 quieti
1341 2816 1389 2844 se
1418 2803 1709 2857 tradiderunt,
1753 2803 1859 2846 nihil
1887 2805 1942 2846 ab
1972 2804 2180 2856 hostibus,

349 2871 454 2914 quos
495 2861 646 2901 abesse
677 2860 829 2915 procul
867 2859 1142 2912 audiverant,
1191 2865 1438 2902 metuentes.
1505 2861 1604 2903 Huc
1639 2861 1825 2903 Vandali
1863 2873 2018 2903 summo
2057 2875 2180 2903 mane

351 2929 444 2958 cum
472 2916 760 2967 advenissent,
797 2932 822 2959 e
850 2931 898 2959 re
927 2930 1008 2959 sua
1035 2930 1121 2959 non
1149 2930 1244 2959 esse
1272 2923 1495 2959 senserunt
1522 2918 1638 2960 fores
1666 2917 1945 2975 perfringere,
1976 2923 2105 2973 atque
2132 2917 2178 2959 in

348 2973 480 3014 aedes
506 2972 739 3028 irrumpere
766 2978 865 3015 ante
894 2974 1058 3026 lucem,
1105 2973 1234 3016 veriti
1261 2987 1315 3015 ne
1344 2980 1550 3016 nocturno
1579 2974 1693 3017 misti
1722 2975 1977 3025 certamine,
2018 2988 2065 3017 se
2092 2974 2179 3030 ipsi

350 3028 529 3071 invicem
552 3031 794 3082 caederent,
825 3045 876 3072 ac
897 3032 1012 3073 forte
1040 3030 1245 3086 effugium
1266 3031 1379 3072 hosti
1407 3031 1559 3074 darent
1588 3031 1632 3073 in
1661 3031 1864 3074 tenebris.
1922 3032 2042 3073 Haec
2070 3031 2179 3088 ipsis
2236 3079 2237 3086 ἵ

350 3085 546 3127 dictabat
566 3086 705 3138 timor,
735 3087 796 3128 sic
824 3092 1003 3129 mentem
1033 3093 1082 3129 et
1106 3087 1327 3130 consilium
1353 3088 1566 3138 auferens,
1594 3093 1646 3130 ut
1671 3102 1762 3130 cum
1793 3094 1980 3143 possent,
2011 3089 2081 3130 vel
2110 3090 2177 3131 se-

350 3144 485 3186 rendo
515 3143 648 3194 faces,
678 3143 745 3185 vel
774 3145 867 3186 sine
895 3144 995 3194 illis,
1023 3145 1166 3186 hostes
1193 3158 1277 3185 non
1305 3144 1427 3186 modo
1454 3144 1652 3195 inermes,
1680 3145 1759 3187 sed
1788 3145 1911 3200 plane
1940 3145 2067 3187 etiam
2097 3159 2177 3187 nu-
2208 3188 2230 3195 ⁷,

350 3200 428 3242 dos
455 3199 499 3241 in
527 3199 676 3242 stratis
703 3199 816 3243 nullo
847 3201 1019 3256 negotio
1049 3201 1434 3256 comprehendere,
1474 3200 1579 3243 satis
1606 3201 1832 3244 habuerint
1863 3202 1976 3245 circa
2010 3202 2176 3245 domum

350 3256 614 3311 maximeque
650 3271 724 3312 pro
765 3257 929 3299 foribus
971 3257 1181 3313 disposita
1220 3257 1315 3300 acie
1342 3263 1473 3299 stare.
1546 3258 1676 3300 Tunc
1713 3272 1856 3302 somno
1899 3266 2178 3315 experrectus

351 3314 474 3356 Rom.
505 3313 679 3371 militum
707 3314 892 3370 quidam,
922 3313 1066 3356 audito
1095 3313 1295 3369 strepitu,
1330 3327 1451 3369 quem
1479 3314 1680 3366 Vandali,
1709 3322 1943 3358 mussantes
1970 3317 2084 3357 inter
2111 3329 2174 3367 se,

351 3377 396 3413 et
424 3385 542 3413 arma
569 3378 904 3424 commoventes,
934 3371 1129 3422 ciebant,
1162 3370 1266 3426 quid
1293 3371 1356 3412 rei
1385 3376 1585 3426 ageretur
1613 3372 1808 3417 coniecit.
1869 3373 2049 3415 Silentio
2078 3386 2174 3415 mox
2223 3376 2234 3388 '

353 3427 553 3470 excitatis
592 3427 718 3470 sociis
757 3427 973 3484 sigillatim
1015 3441 1103 3470 rem
1142 3426 1320 3470 indicat.
1388 3428 1456 3470 llli
1485 3428 1539 3470 de
1566 3429 1779 3472 sententia
1806 3429 2011 3486 Diogenis
2040 3429 2174 3472 tacite
2216 3440 2218 3443 ’

353 3484 545 3528 vestibus
573 3485 787 3543 armisque
810 3485 996 3540 indutis,
1025 3485 1312 3539 descendunt,
1341 3485 1521 3529 frenatis
1547 3487 1669 3544 equis
1696 3485 1915 3539 insiliunt,
1945 3487 2176 3530 adverten-
