2254 3814
297 104 419 160 296
1041 99 1374 154 PROCOPII

294 242 650 312 αὐλιζομένους
693 237 989 310 ἐνήδρευσε,
1043 241 1371 310 Δαγισθαῖον
1406 235 1515 307 ἅμα
1547 234 1821 306 Ῥωμαίων
1856 240 2115 308 δισχιλίοις

293 325 599 398 ἐπαγόμενος
615 367 632 392 ,
686 326 742 378 οἳ
769 326 832 392 δὴ
870 330 971 378 τῶν
1006 329 1227 396 Περσῶν
1264 325 1316 387 ἐξ
1354 326 1630 394 ἐπιδρομῆς
1659 325 1847 384 ἵππους
1869 320 2113 391 νέμοντάς

223 415 260 458 C
299 434 441 474 τινας
475 412 693 464 ἔκτειναν
703 451 720 476 ,
763 411 951 472 ἵππους
985 431 1039 463 τε
1066 407 1356 478 ληισάμενοι
1379 408 1453 462 δι’
1479 409 1649 476 ὀλίγου
1676 409 1768 477 τὴν
1793 407 2112 479 ἀναχώρησιν

292 495 611 564 ἐποιήσαντο.
704 493 840 548 οὕτω
881 496 974 563 μὲν
1016 493 1043 549 ὃ
1085 492 1402 566 Μερμερόης
1431 499 1506 568 τῷ
1540 491 1747 562 Μήδων
1791 500 1996 567 στρατῷ
2032 494 2114 548 ἐν·

291 582 443 636 θένδε
465 580 556 651 ᾔει.
2124 579 2152 622 5

456 663 518 718 Ὁ
546 665 601 717 δὲ
623 668 674 716 Γ
670 660 920 732 ουβάζης,
965 663 1156 730 μαθὼν
1181 661 1280 716 ὅσα
1306 663 1369 732 δὴ
1389 660 1666 730 “Ρωμαίοις
1695 661 1747 717 ἕν
1770 684 1824 716 τε
1847 667 1911 734 τῇ
1935 661 2116 737 Πέτρᾳ

293 752 378 804 καὶ
413 754 486 823 τῷ
531 754 772 821 στενωπῷ
811 749 1094 818 ξυνηνέχθη
1136 748 1406 818 γενέσθαι,
1467 749 1582 802 οἷδ’
1631 747 1701 811 ὥς
1738 748 1948 812 ἔδεισεν,
1997 747 2116 801 οὐδὲ

290 836 384 904 τὴν
412 836 463 888 ἓν
491 840 564 907 τῷ
593 834 709 887 κατ’
747 833 902 887 αὐτὸν
942 840 1180 907 στενωπῷ
1215 833 1448 904 φυλακὴν
1472 833 1667 900 εἷἀσεν,
1715 833 1945 886 ἐνταῦθα
1970 834 2116 903 σφίσι

291 920 387 987 τὴν
425 920 650 990 κεφαλὴν
690 924 784 986 τῆς
820 921 1021 982 ἐλπίδος
1059 918 1286 986 οἰόμενος
1323 917 1464 973 εἶναι.
1553 919 1854 987 ἐξηπίστατο
1894 918 1992 987 γὰρ
2028 915 2114 982 ῶς,

290 1004 355 1073 ἢν
390 1008 473 1057 καὶ
503 1003 795 1072 εΡῶιιαιόυς
843 1004 985 1067 ἐκτὸς
1035 1002 1265 1066 Φάσιδος
1309 1009 1542 1071 ποταμοῦ
1578 1001 1879 1072 βιασάμενοι
1914 1003 2114 1068 Πέρσαι
2131 1007 2185 1049 10

290 1088 381 1143 τόν
406 1111 460 1142 τε
488 1090 743 1143 στενωπὸν
770 1092 1008 1159 διαβῆναι
1032 1092 1114 1142 καὶ
1140 1092 1191 1142 ἐν
1213 1089 1392 1163 ΙΙὲτρα
1414 1089 1650 1158 γενέσθαι
1672 1086 1987 1157 δεδύνηνται,
2026 1087 2117 1141 οὗ-

292 1175 376 1228 δὲν
400 1173 463 1227 ἂν
499 1176 705 1228 ἐνθένδε
730 1177 929 1239 Λαζῶν
963 1180 1027 1245 τῇ
1060 1171 1207 1248 χώρᾳ
1245 1175 1650 1243 προστρίψαιντο
1675 1171 1899 1240 βλάβος,
1949 1178 2116 1226 Φᾶσιν

227 1258 263 1300 ⁰
294 1263 535 1328 διαβῆναι
569 1259 781 1333 οῧδεμιᾷ
807 1264 1012 1330 μηχανῇ
1038 1258 1250 1327 ἔχοντες,
1298 1258 1465 1320 ἄλλως
1488 1279 1540 1311 τε
1567 1260 1650 1311 καὶ
1675 1263 1809 1327 νηῶν
1834 1257 1894 1311 ού
1919 1279 2118 1328 παρου-

290 1351 395 1398 σῶν
424 1346 613 1416 σφίσιν.
696 1342 723 1397 ὃ
756 1344 853 1415 γὰρ
891 1343 1124 1412 ποταμὸς
1162 1337 1312 1405 οὗτος
1345 1341 1551 1412 βάθους
1584 1344 1679 1412 μὲν
1722 1343 1856 1415 εἴπερ
1901 1365 1978 1405 τις
2021 1342 2117 1396 ἄλ-

288 1434 378 1491 λος
412 1428 703 1483 ἱκανώτατα
744 1429 839 1498 ἕχει
866 1471 881 1496 ,
944 1428 1123 1501 εὔρους
1162 1430 1218 1483 δὲ
1256 1428 1334 1482 ἐπὶ
1357 1434 1591 1482 πλεῖστον
1620 1425 1793 1497 διήκει.
1878 1435 1970 1496 τῆς
1994 1429 2115 1496 με’ν-
2131 1435 2184 1479 15
2218 1470 2223 1479 .

287 1535 370 1567 τοι
412 1512 578 1585 ῥύμης
616 1515 755 1587 αὐτῷ
790 1521 1040 1568 τοσοῦτον
1083 1515 1332 1586 περίεστιν
1371 1512 1500 1568 ὥστε
1538 1513 1601 1583 δὴ
1641 1516 1693 1575 ἐς
1717 1514 1811 1581 τὴν
1843 1509 2117 1567 θάλασσαν

288 1597 516 1666 ἐκβαλών
541 1601 619 1652 ἐπὶ
645 1597 972 1670 μακρότατον
999 1600 1130 1653 κατὰ
1155 1597 1319 1668 μόνας
1337 1608 1522 1670 χωρεῖ,
1580 1598 1782 1667 οὐδαμῆ
1822 1595 1982 1670 ταύτῃ
2010 1599 2118 1651 ἒπι-
2149 1638 2155 1646 .

286 1682 603 1754 μιγνύμενος.
688 1684 830 1755 ὕδωρ
871 1686 1042 1754 ἀμέλει
1078 1682 1292 1753 πότιμον
1346 1694 1453 1747 τοῖς
1506 1683 1664 1756 ἐκείνῃ
1708 1684 2118 1751 ναυτιλλομένοις

286 1767 598 1839 ὑδρεύεσθαι
631 1768 871 1842 πάρεστιν
907 1773 959 1824 ἐν
997 1770 1137 1843 με’σῳ
1178 1767 1398 1839 πελάγει.
1485 1771 1569 1822 καὶ
1591 1766 1912 1840 φυλακτήρια
1943 1769 2117 1838 μέντοι

287 1860 382 1907 τοῦ
424 1861 660 1922 ποταμοῦ
700 1855 842 1917 ἐντὸς
889 1858 1185 1924 πεποίηνται
1230 1850 1559 1922 πανταχόθεν
1595 1857 1797 1920 Λαζοὶ,
1855 1860 1946 1907 τοῦ
1983 1856 2186 1923 μηδὲΞΟ

287 1941 438 1991 ναυσὶ
473 1940 1001 2009 διαπορθμευομὲνοις
1025 1948 1132 2001 τοῖς
1160 1941 1418 2006 πολεμίοις
1445 1936 1701 2006 ἀπόβασιν
1730 1940 1783 2001 ἐς
1809 1939 1901 2007 τὴν
1927 1945 2021 2007 γῆν
2045 1938 2118 1993 εἶ-

285 2045 384 2077 ναι.
471 2025 710 2092 βασιλεὺς
744 2026 800 2077 δὲ
819 2024 1174 2086 ’Ῑουστινιανός
1214 2026 1477 2095 Σαβείρων
1506 2025 1599 2091 μὲν
1624 2029 1697 2097 τῷ
1736 2023 1872 2077 ἔθνει
1899 2025 1964 2077 τὰ
1996 2029 2116 2095 ξυγ-

286 2111 487 2175 κείμενα
521 2107 766 2181 χρήματα
804 2109 1029 2179 ἔπεμψε,
1079 2114 1130 2162 Γ
1126 2107 1349 2179 ουβάζην
1387 2110 1442 2162 δὲ
1480 2111 1565 2162 καὶ
1603 2109 1821 2175 Λαζοὺς
1855 2107 2116 2179 χρήμασιν

400 2244 441 2288 8.
472 2243 685 2301 φυλακήν
712 2245 848 2287 AHm.
909 2242 1192 2302 φυλακτικὴν
1221 2244 1317 2288 ΗΡ.
1479 2240 1548 2288 14.
1575 2241 1661 2301 μὲν
1698 2244 1823 2299 εἴπερ
1852 2261 1921 2296 τις
1950 2243 2116 2302 ἄλλος]

398 2299 482 2355 μὲν
511 2309 611 2356 post
640 2300 775 2351 ἄλλος
806 2302 898 2345 HL.
1015 2306 1081 2348 16.
1114 2304 1368 2358 τοσοῦτον]
1397 2303 1595 2349 τοσοῦτο
1625 2302 1675 2346 L.
1800 2304 1873 2347 20.
1900 2304 2028 2357 λαζοὶ
2058 2306 2112 2347 Α.

396 2359 559 2412 Λαζῶν
587 2360 640 2404 Ρ.
680 2358 817 2413 nagan
844 2361 895 2404 L.

290 2471 460 2524 Persis,
501 2473 658 2529 quietis
688 2487 819 2516 causa
848 2472 1190 2526 subsidentibus,
1238 2472 1422 2518 tetendit
1450 2474 1654 2528 insidias,
1682 2473 1989 2532 Dagisthaeum
2021 2489 2113 2518 cum

284 2529 488 2573 Romanis
530 2531 597 2572 bis
641 2530 753 2573 mille
787 2531 958 2576 ducens,
1016 2531 1074 2573 Hi
1111 2536 1251 2575 turma
1290 2531 1544 2585 Persarum,
1587 2532 1659 2589 qui
1702 2546 1832 2589 equos
1862 2533 2112 2588 pascebant,

284 2585 438 2627 cursim
478 2587 595 2629 ferro
634 2588 827 2639 concisa,
874 2595 920 2631 et
959 2588 1152 2644 abreptis
1182 2587 1333 2644 equis,
1380 2588 1576 2633 contiuuo
1604 2603 1653 2632 se
1680 2596 1950 2646 receperunt.
2007 2590 2114 2633 Inde

285 2641 547 2685 Mermeroes
576 2658 667 2686 cum
696 2646 888 2688 exercitu
916 2645 1140 2688 Medorum
1169 2644 1406 2688 abscessit..

398 2700 602 2742 Gubazes
630 2715 731 2743 vero
762 2702 909 2745 audita
933 2703 1213 2745 Romanorum
1243 2702 1297 2744 ad
1321 2704 1492 2745 Petram
1516 2706 1559 2745 et
1576 2701 1728 2745 montis
1751 2703 1970 2759 angustias
1999 2703 2112 2758 vice,

283 2768 338 2797 ne
367 2756 422 2798 ob
451 2755 497 2797 id
526 2757 697 2811 quidem
726 2759 912 2801 concidit
952 2759 1116 2811 animo,
1157 2774 1235 2802 nec
1263 2759 1478 2812 faucium,
1509 2773 1616 2816 quas
1644 2767 1958 2816 occupaverat,
1992 2761 2112 2803 abie-

283 2811 345 2854 cit
374 2812 634 2865 custodiam,
677 2815 721 2858 in
751 2815 829 2858 hac
868 2829 1064 2858 summam
1094 2816 1252 2860 ducens
1283 2830 1377 2859 esse
1404 2815 1587 2874 positam
1619 2816 1714 2874 spei
1745 2830 1862 2860 suae.
1922 2817 2034 2860 Nam
2066 2818 2112 2860 id

286 2869 424 2925 probe
451 2870 641 2922 tenebat,
670 2872 860 2927 quamvis
890 2873 1157 2928 contingeret
1182 2879 1231 2915 ut
1261 2874 1555 2929 praevalentes
1586 2875 1745 2916 Persae
1777 2875 1922 2916 fauces
1953 2874 2115 2917 transi-

285 2930 409 2978 rent,
461 2926 638 2968 deiectis
669 2942 745 2983 per
777 2929 863 2971 vim
891 2929 1122 2982 Romanis,
1153 2934 1197 2972 et
1226 2930 1400 2973 Petram
1429 2930 1717 2985 attingerent,
1746 2930 1988 2972 detrimenti
2012 2931 2113 2975 inde

285 2981 390 3024 nihil
420 2987 688 3038 accepturam
718 2985 939 3037 Lazicam,
982 2992 1217 3042 propterea
1246 2987 1360 3042 quod
1389 2986 1450 3030 illi
1479 2985 1637 3028 Phasin
1665 2986 1867 3030 traiicere
1896 3002 1981 3031 non
2010 3002 2114 3045 pos-

286 3044 407 3092 sent,
449 3041 627 3083 maxime
667 3056 759 3083 cum
798 3044 960 3098 cymbis
989 3048 1198 3086 carerent.
1256 3044 1344 3087 Hic
1380 3043 1487 3086 enim
1514 3042 1669 3085 fluvius
1697 3049 1786 3086 tam
1814 3044 1954 3097 altus,
1986 3059 2111 3101 quam

285 3095 361 3151 qui
389 3097 598 3148 maxime,
638 3097 845 3140 latissime
882 3099 1008 3142 etiam
1052 3104 1204 3154 patet,
1244 3101 1352 3143 adeo
1381 3099 1584 3155 rapidus,
1627 3104 1678 3142 ut
1715 3106 1939 3156 postquam
1967 3102 2112 3158 erupit

289 3152 336 3195 in
364 3167 506 3206 mare,
551 3153 761 3197 discretus
791 3160 920 3212 atque
948 3156 1119 3210 integer
1147 3157 1389 3211 longissime
1416 3161 1647 3213 procurrat
1663 3188 1677 3209 ,
1717 3162 1762 3199 et
1792 3160 1872 3200 hac
1901 3158 2109 3214 navigan-

287 3209 405 3252 tibus
433 3224 584 3265 aquam
625 3210 789 3253 dulcem
824 3213 1033 3268 praebeat
1069 3212 1112 3254 in
1142 3214 1279 3256 medio
1309 3214 1476 3270 pelago.
1535 3213 1671 3256 Porro
1710 3212 1755 3256 in
1783 3229 1861 3257 ora
1890 3215 2016 3258 Lazis
2044 3216 2110 3258 ci-

291 3265 393 3308 tima
423 3280 581 3310 amnem
612 3268 765 3324 passim
793 3273 1053 3325 praetexunt
1078 3270 1354 3321 munitiones,
1395 3285 1446 3312 eo
1475 3274 1723 3323 extructae,
1753 3278 1802 3314 ut
1831 3273 1899 3316 vel
1924 3273 2107 3315 navibus

288 3322 504 3366 traiiciens
543 3325 678 3368 hostis
720 3338 927 3367 exscensu
961 3324 1254 3381 prohibeatur.
1313 3327 1423 3369 Tum
1461 3328 1664 3382 temporis
1703 3328 1964 3372 Iustinianus
1991 3330 2104 3384 Aug.

290 3385 456 3435 pactam
484 3381 651 3426 Sabiris
691 3381 933 3440 pecuniam,
979 3387 1025 3425 et
1052 3382 1271 3438 congiaria
1301 3385 1473 3438 Gubazi
1501 3384 1713 3442 Lazisque
1739 3385 1863 3431 misit.
1921 3386 2016 3430 Nec
2044 3386 2107 3430 ita
