2184 3822
245 122 326 225 40
988 166 1316 222 PROCOPH

246 313 368 383 ρι’χῳ
397 309 446 371 ἐς
468 307 682 362 Ἰταλίαν
709 306 762 359 ἐκ
788 301 994 379 Θρᾴκης
1018 301 1161 371 ῗόντι,
1182 306 1389 376 γενναίω
1411 325 1465 359 τε
1490 302 1762 376 ὑπερφυῶς
1787 300 1944 374 ἄμφω
1970 304 2054 357 καὶ
2087 324 2090 327 ·
2122 372 2127 379 ¹

183 408 219 451 C
247 399 350 447 τῶν
375 393 505 447 κατὰ
538 392 626 445 τὸν
645 387 861 458 πόλεμον
896 387 1209 460 πραγμάτων
1240 392 1481 461 ἐμπείρω,
1521 389 1665 443 ἄλλοι
1686 410 1740 442 τε
1773 390 1950 441 πολλοὶ
1972 390 2056 440 καὶ

245 477 443 546 ἄριστοι
484 478 698 530 εἵποντο.
787 470 1078 544 στράτευμα
1114 475 1211 546 γὰρ
1239 471 1439 530 τοιοῦτό
1480 494 1635 545 φασιν
1661 472 1775 527 οὕτε
1811 469 2057 542 πρότερον
2121 543 2128 548 ·

245 561 359 615 οὔτε
405 559 618 630 ὕστερον
654 560 732 611 ἐπὶ
770 558 979 628 Πέρσας
1018 557 1297 627 Ῥωμαίους
1343 563 1601 627 ξυστῆναι.
1706 550 1845 611 οὗτοι
1886 556 2057 624 μέντοι

245 645 464 706 ἅπαντες
488 644 578 697 οὐκ
602 644 652 705 ἐς
671 642 827 696 ταύτὸ
850 643 1170 716 ἀγηγερμένοι
1194 645 1311 698 οὐδὲ
1332 640 1623 714 στράτευμα
1645 640 1701 696 (ἐν
1726 638 2054 711 ποιησάμενοι
2069 648 2134 702 5ἕ,

202 725 207 730 ’
246 728 418 801 ᾔεσαν,
455 727 574 781 ἀλλ’
603 726 758 789 αὐτὸς
784 727 992 791 ἕκαστος
1018 737 1125 791 τοῖς
1147 728 1263 782 κατ’
1298 727 1455 782 αὐτὸν
1478 723 1814 798 στρατιώταις
1843 728 2060 795 ἐξηγεῖτο

250 815 331 866 ἐπὶ
366 811 486 873 τούς
523 813 808 880 πολεμίους.
897 813 1112 883 χορηγὸς
1139 814 1194 866 δὲ
1223 818 1316 882 τῆς
1339 817 1432 866 τοῦ
1464 811 1809 882 στρατοπέδου
1834 807 2065 878 δαπάνης

244 897 470 950 Ἀππίων
495 894 780 966 Αἰγύπτιος
820 897 1038 967 ἐστάλη,
1087 897 1214 968 ἀνὴρ
1245 899 1296 950 ἐν
1320 898 1600 970 πατρικίοις
1631 891 1874 966 ἐπιφανής
1895 915 1946 947 τε
1979 897 2064 947 καὶ

91 990 135 1034 Η
166 992 219 1036 12
252 978 558 1052 δραστήριος
597 982 647 1044 ἐς
672 982 737 1034 τὰ
771 980 1022 1049 μάλιστα,
1071 984 1153 1034 καὶ
1193 981 1346 1035 αὐτὸν
1371 980 1608 1048 βασιλεὺς
1642 978 1879 1034 κοινωνὸν
1910 985 2063 1045 βασι-
2120 1002 2130 1050 ἡ

244 1066 380 1127 λειάς
418 1067 472 1119 ἐν
507 1062 797 1136 γράμμασιν
833 1066 1046 1132 ἀνεῖπεν,
1094 1065 1229 1128 ὅπως
1254 1066 1302 1120 οἶ
1330 1065 1531 1142 ἐξουσία
1556 1064 1631 1134 εἴη
1665 1064 1731 1118 τὰ
1757 1063 1807 1126 ἐς
1845 1062 1938 1132 τὴν
1961 1065 2057 1117 δα-
2074 1067 2152 1123 lost

241 1147 407 1219 πάνην
435 1142 469 1221 ᾗ
495 1146 734 1217 βούλοιτο
759 1149 1135 1219 διοικήσασθαι.
1469 1146 1479 1151 ’
2029 1148 2034 1160 “

177 1240 217 1283 D
411 1232 472 1288 Ὁ
496 1235 588 1301 μὲν
612 1229 700 1288 οὖν
724 1237 942 1306 στρατὸς
977 1229 1127 1297 οὗτος
1148 1230 1318 1307 χρόνῳ
1340 1255 1395 1287 τε
1432 1232 1712 1304 ξυνελέγετο
1736 1234 1818 1286 καὶ
1851 1233 2061 1301 σχολαί-

243 1339 379 1388 τεροι
412 1316 727 1390 ἐπορεύοντο.
817 1319 894 1374 διὸ
935 1321 996 1389 δὴ
1033 1321 1152 1381 τοὺς
1184 1316 1484 1390 βαρβάρους
1518 1321 1568 1371 ἐν
1603 1323 1668 1389 γῇ
1705 1323 1768 1390 τῇ
1799 1315 2060 1386 Ῥωμαίων

248 1404 340 1470 οὔχ
366 1396 530 1474 εὗρον,
574 1405 677 1457 ἐπεὶ
717 1405 769 1467 ἐξ
806 1405 1078 1472 ἐπιδρομῆς
1103 1405 1151 1458 οἳ
1175 1403 1376 1474 Πέρσαι
1398 1403 1490 1471 τὴν
1517 1401 1702 1474 ἔφοδον
1730 1400 2062 1472 ποιησάμενοι
2127 1479 2130 1482 -

247 1487 431 1540 αὐτίκα
458 1488 521 1556 δὴ
544 1488 594 1548 ἐς
621 1488 684 1540 τὰ
714 1485 902 1560 πάτρια
927 1489 1037 1557 ἤθη
1060 1486 1385 1559 ἀνεχώρησαν
1411 1487 1500 1550 ξὺν
1523 1485 1663 1559 πάσῃ
1691 1492 1753 1559 τῇ
1781 1489 1903 1562 λεία.
1960 1492 2063 1541 τῶν
2076 1484 2156 1583 Ῑέξ,

243 1572 299 1623 δὲ
326 1578 622 1641 στρατηγῶν
647 1571 810 1635 οὐδεὶς
837 1575 887 1635 ἐς
913 1574 1206 1644 πολιορκίαν
1234 1577 1338 1627 τῶν
1364 1573 1416 1625 ἐν
1434 1572 1616 1643 Ἀμίδῃ
1633 1571 2064 1640 ἀπολελειμμένων
2146 1572 2155 1606 ⁴

243 1658 294 1707 ἐν
335 1661 408 1728 τῷ
450 1654 664 1724 παρόντι
708 1658 1064 1711 καθίστασθαι
1108 1657 1291 1726 ἤθελε·
1356 1657 1517 1710 πολλοὶ
1557 1656 1655 1728 γὰρ
1688 1657 2064 1724 ἐσκομίσασθαι
2127 1696 2156 1742 ,7

242 1745 382 1810 σφᾶς
414 1740 478 1793 τὰ
518 1738 769 1809 ἐπιτήδεια
805 1742 1034 1811 ἔμαθον,
1082 1741 1201 1795 ἀλλ’
1247 1743 1299 1803 ἐς
1340 1747 1444 1795 τῶν
1483 1742 1732 1809 πολεμίων
1767 1741 1860 1811 τὴν
1891 1738 2065 1812 χώραν

94 1825 130 1868 Ρ
161 1825 219 1871 24
248 1824 466 1893 ἐσβολὴν
498 1823 817 1894 ποιήσασθαι
842 1829 893 1880 ἐν
923 1829 1124 1897 σπουδῇ
1165 1824 1312 1894 εἶχον.
1398 1825 1459 1879 οὐ
1485 1825 1588 1894 μὴν
1612 1826 1691 1878 ἐπὶ
1715 1825 1834 1887 τοὺς
1859 1823 2066 1894 βαρβά-
2137 1827 2160 1870 ⁴3

243 1910 365 1979 ρους
399 1915 539 1980 κοινῇ
574 1909 757 1981 ᾔεσαν,
805 1911 936 1964 ἀλλὰ
971 1913 1128 1982 χωρὶς
1154 1907 1383 1979 ἀλλήλων
1411 1908 1919 1980 στρατοπεδευόμενοι
1942 1912 2061 1964 ἐπο-
2075 1899 2161 2012 2ᾱέ

244 1990 466 2063 ρεύοντο.
553 1999 718 2047 ταῦτα
743 1993 994 2065 Καβάδης
1025 1995 1215 2064 μαθὼν
1257 1994 1501 2067 (ἄγχιστα
1529 1992 1624 2066 γάρ
1662 2016 1760 2048 που
1798 1993 2062 2066 ἐτύγχανεν

244 2077 350 2147 ὢν)
390 2078 440 2140 ἐς
464 2078 528 2131 τὰ
559 2077 821 2145 Ῥωμαίων
847 2079 961 2151 ὅρια
993 2079 1124 2133 κατὰ
1150 2077 1303 2147 τάχος
1329 2080 1496 2132 ἐλθὼν
1523 2078 1836 2148 ὑπηντίαζεν.
1922 2079 2065 2134 οὔπω

240 2163 412 2228 μέντοι
447 2161 689 2230 Ῥωμαῖοι
741 2170 814 2237 τῷ
864 2167 1016 2219 παντὶ
1052 2169 1258 2239 στρατῷ
1296 2161 1551 2234 Καβάδην
1590 2164 1716 2218 ἰέναι
1752 2163 1835 2218 ἐπ’
1875 2164 2065 2228 αὐτοὺς

2142 2263 2160 2283 0

353 2298 396 2340 3.
426 2294 534 2341 οὔτε
562 2323 617 2330 --
646 2295 780 2353 οὔτε]
813 2295 924 2344 οὐδὲ
951 2323 1008 2331 —-
1038 2297 1148 2344 οὐδὲ
1177 2299 1225 2343 Ρ.

244 2436 415 2466 numero
443 2424 517 2480 qui
547 2424 861 2470 Theodericum
888 2427 932 2469 in
960 2426 1128 2470 Italiam
1156 2441 1181 2468 e
1209 2424 1401 2469 Thracia
1421 2425 1651 2482 profectum
1668 2425 1807 2470 secuti
1824 2442 1906 2471 non
1923 2432 2061 2484 erant,

243 2479 558 2534 generosissimi
597 2483 717 2524 ambo
756 2497 806 2525 ac
843 2484 953 2526 bello
995 2483 1192 2539 experti3
1234 2481 1393 2539 aliique
1423 2483 1642 2526 fortissimi
1686 2484 1769 2527 viri
1812 2486 2061 2542 complures,

242 2536 287 2578 Is
331 2537 440 2579 enim
479 2538 563 2580 fuit
600 2538 838 2590 exercitus,
876 2555 960 2595 quo
1000 2554 1082 2583 nec
1120 2538 1329 2596 superiori
1371 2539 1593 2592 memoria,
1633 2553 1714 2584 nec
1754 2547 1854 2597 post
1879 2557 2061 2598 unquam

242 2594 532 2637 florentiorem
562 2593 607 2636 in
640 2596 795 2637 Persas
825 2610 852 2638 a
880 2596 1080 2639 Romanis
1119 2596 1346 2639 conflatum
1374 2596 1500 2638 ullum
1531 2596 1663 2640 fuisse
1691 2598 1803 2640 fama
1831 2604 1912 2640 est.
1971 2599 2061 2642 Sed

244 2647 437 2703 disperse
467 2650 551 2692 iter
581 2651 622 2692 hi
652 2651 887 2704 faciebant,
917 2667 1054 2710 neque
1082 2654 1124 2696 in
1152 2667 1275 2697 unum
1305 2658 1428 2695 erant
1456 2666 1610 2708 corpus
1638 2654 1805 2706 coacti3
1843 2669 1934 2697 cum
1963 2669 2062 2698 suos
2149 2700 2162 2713 .

242 2705 427 2761 quisque
481 2719 668 2749 seorsum
717 2707 868 2750 milites
916 2710 1127 2753 ductaret.
1185 2710 1364 2754 Aerario
1403 2708 1612 2751 castrensi
1650 2715 1850 2766 praeerat
1890 2711 2061 2768 Appion
2127 2734 2141 2766 ς

242 2761 507 2817 Aegyptius,
554 2763 731 2806 Patrioii
773 2765 934 2807 ordinis
973 2767 1139 2819 lumen,
1187 2766 1323 2809 animo
1366 2765 1431 2807 vir
1472 2766 1650 2808 maxime
1686 2767 1894 2824 impigro,
1938 2782 2061 2826 quem
2161 2763 2167 2778 ¹

244 2817 372 2859 etiam
412 2819 662 2861 Anastasius
703 2821 880 2876 publicis
920 2822 1056 2865 literis
1094 2830 1328 2866 consortem
1371 2822 1544 2877 Imperii
1579 2823 1922 2879 renuntiaverat,
1975 2839 2059 2882 quo

242 2878 380 2916 staret
407 2875 494 2930 ipsi
522 2876 756 2919 authoritas
783 2883 971 2934 sumptus
1003 2893 1077 2935 pro
1111 2880 1288 2922 arbitrio
1317 2876 1603 2935 dispensandi.
2136 2919 2137 2922 ,

356 2930 454 2974 Hae
482 2946 610 2988 porro
640 2934 792 2988 copiae
818 2949 912 2977 cum
942 2940 986 2977 et
1015 2936 1189 2978 otiosius
1220 2937 1400 2978 fuissent
1426 2935 1653 2988 collectae,
1700 2939 1745 2979 et
1771 2937 1925 2981 lentius
1954 2952 2058 2994 pro·

243 2985 469 3039 cederent,
509 2989 620 3032 haud
661 2990 929 3033 offenderunt
964 2993 1179 3035 Barbaros
1219 2992 1263 3034 in
1305 2992 1396 3035 solo
1429 2991 1598 3034 ditionis
1635 2993 1864 3037 Romanae.
1921 2995 2060 3039 Facta
2138 3039 2147 3053 ⁴

243 3042 352 3084 enim
379 3043 621 3100 irruptione
651 3047 868 3091 celerrimo
897 3049 1081 3103 impetu,
1125 3049 1320 3091 continuo
1358 3063 1449 3092 cum
1486 3049 1598 3091 omni
1625 3050 1786 3106 praeda
1814 3064 1907 3094 sese
1934 3066 2059 3095 rece-
2132 3068 2156 3075 ·’

244 3106 415 3155 perant.
471 3101 567 3144 Nec
601 3103 763 3144 Ducum
791 3104 1070 3147 Romanorum
1099 3105 1317 3161 quisquam
1349 3105 1504 3148 adduci
1532 3110 1618 3148 tum
1646 3107 1810 3162 potuit,
1855 3113 1903 3150 ut
1934 3122 2060 3163 prae·
2131 3130 2149 3149 a.

243 3155 396 3198 sidium
436 3158 611 3201 Amidae
650 3159 868 3212 relictum,
909 3161 1024 3217 quod
1051 3161 1412 3204 instructissimum
1441 3175 1535 3204 esse
1563 3167 1843 3220 acceperant,
1886 3164 2058 3206 obside-
2135 3167 2171 3219 af*

243 3216 337 3262 ret,
369 3215 506 3256 versis
536 3215 713 3258 omnium
741 3217 896 3259 studiis
925 3217 979 3259 ad
1007 3231 1134 3272 agros
1164 3218 1346 3260 hostium
1372 3219 1661 3261 incursandos.
1720 3219 1820 3263 Non
1854 3222 2059 3276 petebant
2135 3230 2163 3258 --'

246 3267 473 3313 coniuncte
511 3273 751 3324 Barbaros,
791 3279 836 3316 at
873 3279 1070 3330 separate
1097 3282 1142 3316 et
1172 3281 1312 3317 castra
1341 3280 1386 3317 et
1415 3274 1498 3316 iter
1525 3275 1755 3318 habebant.
1816 3277 1942 3328 Quod
1982 3277 2058 3319 ubi
2144 3312 2158 3325 ,,

245 3326 442 3368 Cabades
472 3327 621 3370 didicit
662 3330 835 3385 (neque
863 3331 971 3372 enim
999 3330 1125 3384 longe
1155 3332 1339 3385 aberat)
1378 3331 1589 3373 Romanos
1629 3331 1767 3375 denuo
1806 3334 1910 3376 fines
1950 3334 2056 3377 mira
2133 3355 2166 3395 ν,

243 3382 497 3437 pernicitate
524 3385 764 3440 ingressus,
791 3388 976 3429 occurrit
1004 3387 1057 3428 de
1084 3387 1320 3441 improviso.
1371 3388 1527 3443 Neque
1553 3387 1650 3430 dum
1677 3389 1892 3433 Cabadem
1919 3390 2056 3446 ipsum

242 3452 334 3481 cum
364 3440 560 3484 universo
591 3443 779 3486 exercitu
809 3444 978 3488 obvium
1010 3458 1058 3487 se
1090 3444 1248 3487 inferre
1277 3444 1409 3488 nostri
1448 3444 1696 3499 audierant3
1737 3447 1814 3491 sed
1852 3447 2055 3505 copiolam
