2254 3814
139 1729 175 1770 P
205 1728 287 1771 207

132 1786 173 1826 ‘V
202 1785 287 1830 365

324 142 446 199 362
1079 142 1413 196 PROCOPII

259 293 297 335 C
328 284 504 345 αὐτοῖς
545 283 708 336 αἶ’σιον
743 281 816 349 εἴη
842 282 934 350 τὴν
959 283 1164 354 πορειάν
1190 279 1421 350 ἐκκόψαι.
1508 280 1732 351 ἔπεμψεν
1754 277 1844 337 οὖν
1865 307 2006 348 τινας
2030 285 2153 340 ἀπε-

325 377 538 441 ροῦντας
572 369 747 420 αὖτοΐν
779 364 906 435 μήτε
951 368 1284 438 ἀναστρέφειν
1329 369 1380 430 ἐς
1422 367 1579 422 αὐτὸν
1614 363 1770 431 αὖθις
1804 368 1933 438 μήτε.
1973 373 2027 424 ἐκ
2050 379 2152 425 τῶν

323 461 448 511 νεῶν
485 454 792 520 ἀποβαίνειν.
882 453 931 506 οἳ
979 455 1061 519 δὲ,
1112 455 1213 506 ἐπεὶ
1252 458 1354 506 τῶν
1392 459 1520 507 νεῶν
1553 453 1710 524 ἀγχοῦ
1748 455 1999 524 ἐγένοντο,
2047 458 2152 509 ε’κέ-

324 547 468 594 λευον
495 538 582 600 ξὺν
605 544 706 608 βοῇ
732 559 782 589 τε
806 541 888 590 καὶ
913 536 1129 612 θορύβῳ
1152 543 1323 611 πολλῷ
1345 542 1599 607 μηδαμῶς
1622 541 1969 611 ἀναστρέφειν,
2017 541 2159 604 ἔδοξέ

324 647 379 679 τε
403 632 510 685 τοῖς
534 629 784 694 παροῦσιν
813 613 991 686 οῗωνός
1016 646 1070 678 τε
1098 622 1223 677 εἶναι
1246 625 1337 676 οὐκ
1363 624 1563 694 ἀγαθὸς
1582 614 1644 679 τὸ
1668 624 1928 694 γινόμενον
1956 628 2037 678 καὶ
2063 626 2152 680 οὔ-
2168 642 2195 684 5

327 731 450 763 ποτε
483 714 586 762 τῶν
627 711 679 762 ἐν
716 716 829 770 ταῖς
863 712 1042 762 ναυσὶν
1075 712 1284 771 ἐκείναις
1325 710 1438 763 τινὰ
1475 711 1528 763 ἐκ
1554 709 1766 780 Λιβύης
1804 713 1855 773 ἐς
1877 709 2155 776 Βυζάντιον

325 793 599 862 ἐπανήξειν.
688 794 818 863 πρὸς
851 795 950 866 γὰρ
992 795 1057 864 δὴ
1096 801 1169 868 τῷ
1201 798 1364 868 οἰωνῷ
1390 798 1472 848 καὶ
1499 795 1631 867 ἀρὰν
1657 799 1708 858 ἒς
1735 797 1924 858 αὐτοὺς
1946 796 2080 866 ἥκειν
2102 799 2156 850 ἐκ

321 881 572 948 βασιλέως
597 878 705 933 οὕτε
734 877 964 947 ἑκόντος,
1013 879 1141 934 ὥστε
1164 881 1237 950 μὴ
1260 882 1594 953 ἀναστρέφειν
1629 875 1943 936 ὑπώπτευον.
2003 884 2086 934 καὶ
2115 885 2157 935 εἷ

256 981 296 1022 D
325 967 416 1035 μέν
440 988 515 1028 τις
543 965 674 1019 αὐτὰ
701 967 751 1027 ἒς
773 966 847 1020 τώ
878 966 1088 1036 ἄρχοντε
1115 965 1300 1033 τούτω,
1328 964 1645 1039 Βαλεριανόν
1671 990 1724 1021 τε
1750 970 1832 1020 καὶ
1866 971 2154 1039 Μαρτΐνον,

321 1050 697 1120 ξυμβάλλοιτο,
743 1051 835 1105 οὐκ
869 1053 1046 1122 ἀληθῆ
1083 1045 1276 1123 εὖρῆσει
1313 1052 1378 1105 τὰ
1417 1054 1470 1116 ἐξ
1506 1052 1666 1122 ἀρχῆς
1688 1051 1924 1116 δόξαντα.
2017 1047 2074 1121 ἦν
2101 1053 2160 1105 δέ
2174 1069 2228 1110 10

319 1159 397 1200 τις
424 1139 476 1192 ἒν
504 1146 611 1199 τοῖς
639 1139 915 1205 Μαρτίνου
944 1136 1254 1209 δορυφόροις
1276 1135 1519 1203 Στότζας,
1566 1137 1623 1199 ὃς
1642 1138 1706 1206 δὴ
1731 1141 1814 1191 καὶ
1836 1143 2045 1205 βασιλεῖ’
2060 1160 2156 1191 πο-

322 1224 491 1292 λε’μιος
516 1222 715 1291 ἒζιιελλεν
742 1221 951 1276 ἔσεσθαι
979 1226 1062 1276 καὶ
1085 1225 1347 1294 τυραννίδι
1383 1223 1659 1276 ἐπιθέσθαι
1689 1227 1771 1276 καὶ
1801 1225 1851 1284 ἒς
1874 1220 2155 1288 Βυζάντιον

320 1308 504 1378 ’ἥκιστα
540 1307 904 1378 ἀναστρέφειν,
952 1308 1038 1378 ἔφ’
1081 1307 1140 1361 ὃν
1176 1309 1240 1378 δὴ
1276 1308 1370 1376 τὴν
1411 1307 1540 1380 ἆρᾶν
1573 1309 1762 1377 ἐκείνην
1799 1306 2156 1362 ὖποπτεύσειεν

322 1394 386 1448 ι’ίν
407 1416 483 1456 τις
507 1398 804 1462 ξυνενεγκεῖν
825 1394 883 1447 τὸ
912 1391 1194 1461 δαιμόνιον.
1284 1393 1415 1447 ἀλλὰ
1445 1399 1610 1447 ταῦτα
1630 1395 1723 1462 μὲν
1747 1394 1842 1447 εἴτε
1871 1391 2034 1465 ταύτῃ
2061 1395 2156 1447 εἴτε

319 1503 390 1549 πη
431 1479 562 1550 ἄλλῃ
599 1479 693 1546 ἔχει
708 1519 725 1544 ,
771 1479 957 1550 ἀφίημι
979 1478 1175 1553 ἑκάστῳ
1201 1478 1300 1549 ὅπη
1325 1478 1388 1532 ἄν
1416 1501 1492 1543 τις
1519 1478 1769 1549 βούληται
1794 1481 2153 1549 ἐκλογίζεσθαι.
2175 1495 2227 1540 15

320 1564 458 1627 ὅπως
497 1567 552 1618 δὲ
591 1566 618 1618 ὅ
655 1585 708 1617 τε
745 1565 1032 1637 στρατηγὸς
1057 1563 1362 1638 Βελισάριος
1400 1567 1485 1619 καὶ
1519 1565 1579 1619 τὸ
1615 1562 1907 1638 στράτευμα
1949 1563 2155 1635 ἐστάλη,

316 1653 446 1723 ἐρῶν
470 1651 700 1721 ἔρχομαι.
1357 1710 1362 1717 ,

486 1735 572 1803 ιβ’.
649 1734 908 1804 Ἕβδομον
933 1735 1034 1806 ἤδη
1061 1735 1173 1798 ἔτος
1196 1735 1290 1805 τὴν
1315 1731 1675 1806 αὐτοκράτορα
1699 1734 1860 1804 ἀρχὴν
1885 1733 2011 1804 ἔχων
2030 1735 2160 1789 Ἰου-

317 1822 572 1884 στινιανός
596 1822 837 1889 βασιλεὺς
863 1822 997 1891 ἀμφὶ
1020 1822 1228 1891 θερινὰς
1260 1821 1458 1892 τροπὰς
1481 1821 1574 1889 τὴν
1598 1821 1912 1891 στρατηγίδα
1939 1821 2159 1874 ἐκέλευσε

315 1914 442 1961 ναῦν
467 1906 788 1975 ὁρμίσασθαι
812 1909 861 1969 ἔς
886 1909 980 1975 τὴν
1008 1907 1195 1975 ἀκτὴν,
1236 1906 1270 1975 ἢ
1306 1906 1406 1974 πρὸ
1444 1912 1557 1974 τῆς
1572 1906 1825 1974 βασιλέως
1851 1907 2012 1974 αὐλῆς
2039 1928 2157 1975 τυγ-
2172 1920 2238 1977 201

311 1991 456 2062 χάνει
480 1987 627 2046 οὖσα.
719 1994 950 2045 ἐνταῦθα
968 1990 1263 2063 Ἐπιφάνιος
1288 1989 1594 2063 ἀφικόμενος
1607 2033 1624 2057 ,
1671 1989 1697 2045 ὃ
1723 1997 1815 2059 τῆς
1841 1989 2036 2053 πόλεως
2063 1992 2159 2060 ἀρ-

314 2079 525 2149 χιερεὺς,
572 2075 840 2146 εὐξάμενός
865 2100 918 2132 τε
944 2076 1042 2131 ὅσα
1069 2077 1196 2139 εἰκὸς
1224 2072 1287 2146 ἦν
1308 2083 1412 2132 τῶν
1433 2098 1548 2130 τινα
1572 2082 1904 2146 στρατιωτῶν
1931 2075 2047 2146 ἄρτι
2070 2084 2159 2144 βε·
2231 2129 2235 2140 ,

314 2164 662 2233 βαπτισμένον
692 2185 746 2217 τε
788 2165 873 2216 καὶ
909 2169 1001 2217 τοῦ
1040 2167 1373 2235 Χριστιανῶν
1414 2158 1668 2232 ὀνόματος
1706 2159 2065 2231 μεταλαχόντα
2110 2165 2160 2224 ἐς
2232 2184 2241 2211 .’

437 2327 480 2372 4.
510 2327 594 2384 ξῦν
621 2328 739 2388 βοῇ]
771 2328 950 2387 ξυμβοῇ
979 2327 1081 2370 HLz
1108 2325 1215 2370 illud
1242 2326 1340 2370 Hm.
1454 2326 1529 2372 23.
1559 2324 1608 2379 ἐς
1634 2328 1687 2370 h.
1745 2327 1812 2379 εἰς
1841 2327 1890 2370 Ρ.

319 2498 468 2542 pensa,
498 2483 706 2528 iudicavit
732 2483 831 2527 mali
857 2483 903 2527 id
932 2484 1028 2526 fore
1057 2481 1223 2534 ominis,
1253 2481 1291 2525 si
1322 2481 1630 2538 profectionem
1657 2482 2000 2540 interrumperet.
2036 2482 2160 2535 Qua-

322 2557 372 2585 re
402 2541 509 2584 alios
538 2542 718 2584 subinde
747 2541 886 2593 misit,
914 2540 989 2597 qui
1018 2539 1162 2583 redire
1189 2545 1235 2582 et
1265 2540 1445 2584 navibus
1473 2540 1631 2584 efferre
1657 2540 1807 2597 pedem
1836 2545 2048 2584 vetarent.
2091 2539 2160 2582 Illi
2216 2555 2222 2577 z

321 2599 378 2641 ad
409 2612 540 2641 naves
571 2599 813 2654 progressi,
867 2597 1085 2642 clamando
1114 2596 1496 2652 tumultuandoque
1537 2598 1708 2640 edixere
1741 2612 1796 2640 ne
1823 2602 2160 2641 reverterentur.

323 2656 448 2707 Quae
477 2657 610 2698 verba
640 2657 875 2699 astantibus
904 2654 997 2699 visa
1025 2659 1123 2696 sunt
1151 2654 1259 2697 male
1288 2653 1488 2704 ominata,
1532 2669 1670 2712 eoque
1698 2655 1898 2709 vafflura,
1933 2662 1983 2696 nt
2009 2659 2160 2697 vecto-

321 2727 414 2756 rum
443 2711 597 2768 aliquis
637 2727 845 2769 nunquam
886 2719 1000 2755 esset
1034 2710 1283 2767 Byzantium
1325 2725 1379 2754 ex
1407 2711 1555 2755 Africa
1582 2725 1846 2755 reversurus.
1908 2711 2074 2754 Etenim
2104 2711 2159 2752 ab

320 2773 541 2825 Augusto,
571 2772 764 2826 quamvis
791 2770 988 2822 nolente,
1017 2769 1244 2812 ominosam
1273 2782 1368 2812 esse
1397 2769 1565 2812 missam
1593 2770 1932 2819 execrationem,
1961 2782 2046 2825 qua
2074 2767 2160 2809 inis
2211 2796 2214 2800 -

319 2829 485 2870 reditus
515 2835 808 2881 rumperetur,
853 2832 1072 2884 putarunt.
1143 2826 1266 2869 Haec
1294 2826 1332 2869 si
1361 2825 1456 2882 quis
1487 2826 1543 2870 ad
1573 2841 1648 2870 eos
1689 2826 1844 2878 duces,
1889 2825 2160 2868 Valerianum

318 2883 492 2940 inquam
524 2888 568 2924 et
590 2884 834 2935 Martinum,
863 2890 1086 2940 spectasse
1113 2884 1342 2936 existimet,
1372 2885 1522 2927 falsam
1551 2897 1647 2927 esse
1675 2882 1966 2941 deprehendet
1989 2887 2161 2923 senten-

321 2940 454 2992 tiam,
485 2954 594 2996 quae
626 2941 743 2995 prius
773 2942 1006 2984 arridebat.
1064 2942 1122 2984 At
1148 2941 1262 2984 inter
1291 2941 1471 2985 Martini
1501 2941 1707 2985 satellites
1736 2940 1907 2996 quidam
1937 2945 2030 2980 erat
2059 2939 2161 2980 Sto·
2208 2950 2209 2954 ¹

320 3003 433 3050 tzas,
465 2999 646 3051 Augusti
676 2999 848 3040 futurus
879 2997 1106 3054 aliquando
1139 2998 1296 3050 hostis,
1337 3013 1388 3040 ac
1420 3004 1653 3054 tyrannus,
1685 3012 1765 3040 nec
1798 2995 2050 3051 Byzantium
2080 3009 2160 3037 un·
2204 3036 2206 3040 ,

320 3068 446 3110 quam
471 3055 715 3106 rediturus3
746 3055 792 3097 in
822 3055 941 3098 cuius
970 3060 1102 3113 caput
1130 3054 1446 3098 execrationem
1474 3055 1588 3098 illam
1618 3069 1646 3096 a
1680 3053 1883 3095 daemone
1913 3066 2162 3095 conversam
2204 3045 2214 3070 ²¹

320 3111 455 3154 fuisse
482 3111 576 3153 iure
607 3111 700 3167 quis
731 3111 990 3168 suspicetur.
1049 3112 1202 3153 Verum
1233 3113 1339 3155 haec
1366 3113 1484 3154 itane
1511 3125 1566 3154 an
1595 3123 1718 3154 secus
1750 3111 1948 3162 habeant,
1987 3123 2066 3165 per
2094 3123 2160 3150 me

319 3169 423 3212 licet
452 3182 529 3223 pro
560 3181 635 3209 suo
665 3167 845 3224 quisque
874 3181 1000 3210 sensu
1030 3168 1253 3224 exquirat:
1300 3182 1382 3225 ego
1412 3182 1516 3211 vero
1546 3166 1602 3211 ad
1629 3167 1829 3210 Belisarii
1858 3169 2159 3221 exercitusque

321 3225 625 3283 profectionem
653 3225 910 3267 narrandam
940 3225 1114 3267 accedo.
1300 3270 1304 3271 ⁷
2211 3218 2215 3229 ’

438 3284 506 3325 12.
564 3281 820 3324 Iustinianus
850 3284 960 3336 Aug.
991 3295 1101 3324 anno
1131 3280 1298 3337 imperii
1326 3279 1527 3337 septimo,
1566 3279 1740 3323 circiter
1767 3279 1996 3324 solstitium
2027 3277 2158 3321 aesti-

323 3353 438 3394 vum,
471 3353 621 3381 navem
650 3339 914 3382 Praetoriam
946 3337 1001 3379 ad
1029 3338 1176 3385 littus,
1208 3338 1322 3393 quod
1350 3337 1624 3394 Imperatoris
1654 3339 1776 3381 aulae
1805 3337 2049 3395 praeiacet,
2078 3350 2159 3391 ap-
2207 3333 2217 3396 ζ

322 3396 478 3453 plicari
507 3395 646 3439 iussit.
703 3397 802 3438 Huc
830 3395 1102 3451 Epiphanius
1132 3394 1249 3437 urbis
1281 3394 1639 3452 Archiepiscopus
1669 3409 1765 3438 sese
1793 3393 1990 3444 contulit,
2020 3407 2072 3436 ac
2099 3390 2159 3434 ri-
2207 3398 2218 3450 ζ’

323 3461 367 3496 te
395 3453 529 3497 Deum
559 3457 789 3510 precatus,
819 3454 991 3495 militem
1021 3452 1229 3508 quendam
1257 3466 1283 3495 a
1313 3452 1520 3509 baptismo
1550 3459 1789 3504 recentem,
1833 3457 1877 3494 et
1906 3449 2027 3494 modo
2057 3462 2160 3492 con·
2208 3490 2210 3494 .
