2184 3822
319 168 436 230 144
791 169 1028 224 ΡΗΟΤΠ
1067 168 1378 224 ΕΡΙΤΟΜΕ
1422 169 1608 223 LIBRI
1649 171 1691 223 Ι.

237 320 277 363 D
316 313 369 367 ἒν
388 313 660 383 Ἀρμενίοις
687 307 943 381 ἐγγυτάτω
969 314 1072 364 τῶν
1093 311 1481 380 Περσαρμενιάς
1513 307 1664 382 ὅρι’ων
1675 352 1692 376 ,
1737 310 1850 380 ἥτις
1871 314 1989 382 πρὶν
2016 312 2132 365 ἓκα-
2164 331 2167 338 ’

310 405 443 452 λεῖτο
479 395 934 462 Θεοδοσιούπολις,
981 394 1071 449 ἅτε
1103 397 1382 449 Θεοδοσίου
1416 394 1608 458 πόλεως
1638 396 1769 468 αὐτῇ
1803 397 2000 465 ἀξίωμα
2024 397 2135 451 ἀντὶ

310 482 484 554 κώμης
509 479 858 552 περιθεμένου.

482 565 567 620 ια’.
614 566 727 620 Ὅτι
751 565 1081 619 Ἀναστασιόυ
1103 562 1513 635 τελευτήσαντος,
1561 568 1724 620 καίτοι
1749 571 1951 620 πολλῶν
1975 565 2135 620 ὄντων

311 659 415 707 τῶν
445 653 572 722 πρὸς
593 651 764 720 γένους
791 651 944 713 ἀξίων
974 656 1068 718 τῆς
1096 653 1358 718 βασιλείας
1368 693 1385 717 ,
1435 649 1639 706 πάντων
1661 648 1853 720 ταύτης
1877 651 2178 720 &nelma-5

309 739 473 805 μένων
504 738 777 798 Ἰουστῖνος
811 737 904 805 τὴν
939 735 1100 805 ἀρχὴν
1139 737 1422 799 διεδέξατο·
1467 736 1596 807 πρὸς
1624 735 1681 790 ὃν
1714 734 1969 806 Καβᾶὃης
1989 740 2140 790 Χοσ-

312 820 407 893 ρόῃ
445 827 518 894 τῷ
557 819 792 895 νεωτάτῳ
836 823 978 875 παιδὶ
1005 821 1099 890 τὴν
1131 823 1395 888 βασιλείαν
1421 822 1618 883 μέλλων
1654 819 1900 892 ἀσφαλῶς
1928 827 2139 875 καταλι-

313 917 453 973 πεῖν,
516 905 795 979 γράμματα
839 905 1058 978 ἔγραψεν
1097 907 1461 975 υἷοποιηθῆναι
1501 906 1641 980 αὐτῷ
1667 905 1757 959 τὸν
1785 901 2034 978 Χοσρῦην
2058 909 2140 959 αἷ-

314 990 574 1060 τούμενος.
655 993 926 1054 Ἰουστΐνος
959 993 1015 1045 δὲ
1051 992 1326 1062 περιχαρὴς
1362 992 1564 1055 ἐδέξατο
1601 991 1695 1059 τὴν
1733 991 1963 1060 αἴτησιν,
2009 988 2141 1044 ἀλλά

316 1099 371 1148 γε
399 1079 463 1146 δὴ
491 1081 575 1131 καὶ
597 1077 951 1139 Ἰουστινιανός
988 1075 1015 1130 ὅ
1045 1077 1255 1145 ἀνεψιὸς
1287 1076 1388 1146 ἤδη
1411 1078 1642 1141 ἐπίδοξος
1666 1074 1736 1130 ὢν
1757 1076 1851 1147 τὴν
1877 1078 2139 1144 βασιλειάν
2156 1085 2184 1132 κ

319 1163 642 1227 ἐκδέξασθαι.
730 1163 861 1216 ἀλλὰ
897 1159 1141 1234 Πρόκλου
1182 1167 1276 1216 τοῦ
1311 1163 1630 1233 κοιαίστορος
1667 1170 1781 1224 ταῖς
1826 1167 2145 1230 συμβουλαῖς

176 1254 212 1296 P
244 1251 301 1299 84
328 1249 563 1317 μετέμελε
593 1248 658 1302 τὰ
683 1243 904 1311 δόξαντα
921 1289 938 1313 ,
986 1250 1068 1300 καὶ
1092 1245 1336 1317 Χοσρόης
1355 1248 1623 1317 ἕσποιητός
1642 1247 2023 1320 υἷὸςἸουστίνῳ
2054 1246 2145 1300 οὔκ

135 1340 173 1382 V
204 1343 289 1386 279
323 1336 530 1405 ἐγένετο.
617 1333 706 1386 τὸν
738 1333 836 1403 γὰρ
875 1332 988 1386 υἱὸν
1029 1332 1219 1403 ἔφασκε
1265 1335 1351 1385 καὶ
1386 1330 1702 1401 κληρονόμον
1744 1330 1868 1385 εἶναι
1909 1337 2004 1402 τῆς
2043 1353 2145 1385 πα-

320 1418 493 1494 τρῴας
528 1418 688 1489 ἀρχῆς
728 1415 954 1485 νόμιμον.
1043 1419 1124 1470 ἐπὶ
1166 1418 1223 1470 δὲ
1257 1417 1378 1479 τοὺς
1409 1420 1520 1487 περὶ
1554 1414 1800 1487 Χοσρόην
1847 1414 2029 1487 λόγους
2062 1418 2146 1470 καὶ

319 1506 414 1570 τὴν
451 1502 653 1575 εἰρήνην
686 1507 906 1573 Περσῶν
929 1502 1022 1570 μὲν
1054 1499 1277 1571 Σεόσης,
1322 1500 1348 1555 ὃ
1381 1499 1635 1572 Καβάδην
1657 1499 1829 1565 σώσας
1852 1501 2026 1570 πάλαι,
2061 1503 2184 1556 unii

321 1588 520 1658 Βεόδης
558 1585 844 1655 ἐστάλησαν
853 1628 871 1655 ,
924 1586 1188 1656 Ῥωμαίων
1222 1588 1278 1640 δὲ
1306 1585 1569 1659 Ῥουφῖνος
1600 1590 1684 1641 καὶ
1718 1584 1979 1650 ’Υποίτιοᾳ
2063 1589 2149 1641 καὶ

319 1674 519 1743 Βεόὸης
553 1675 646 1742 μὲν
683 1671 877 1742 Σεόσην
903 1674 1134 1745 Πέρσαις
1169 1672 1486 1741 ἓνδιαβαλών
1524 1673 1860 1743 ἀναιρεθῆναι
1891 1673 2146 1743 πεποίηκε,

313 1759 579 1830 Ῥουφῖνος
617 1760 672 1812 δὲ
706 1756 951 1813 ’Υπάτιον
990 1762 1060 1822 εἷς
1088 1759 1306 1827 βασιλέα
1350 1758 1612 1828 διαβαλὼν
1657 1764 2026 1831 παραλυθῆναι
2059 1763 2150 1827 τῆς

317 1847 477 1918 ἀρχῆς
500 1842 892 1917 παρεσκεύασεν.

488 1928 574 1998 ιβ’.
641 1927 754 1982 ’Ότι
781 1929 972 1998 μεταξὺ
1005 1926 1282 2001 Βοσπόρου
1308 1931 1391 1983 καὶ
1426 1933 1734 2002 Χερσῶνος,
1795 1929 1858 1983 αἳ
1899 1927 2184 1998 ὃιέχουσινῆ

319 2013 553 2085 ἀλλήλων
593 2013 714 2069 ὁδὸν
749 2013 951 2086 ἡμερῶν
980 2015 1135 2069 εἷ’κοσι
1150 2055 1168 2082 ,
1213 2014 1279 2069 τοὶ
1308 2015 1522 2089 ἐνμέσῳ
1562 2014 1783 2068 Οὐννικὰ
1808 2014 1955 2084 ἔθνη,
1995 2011 2151 2068 αὗτό-

321 2125 457 2171 νομα
483 2101 606 2155 ὄντα
632 2098 907 2173 πρότερον,
948 2101 1208 2176 Ἰουστίνῳ
1230 2097 1457 2170 κατήκοα
1482 2101 1694 2171 γέγονεν.
1780 2098 1814 2169 ἦ
1852 2101 1908 2154 δέ
1930 2099 2150 2172 Χερσών

433 2253 478 2298 5.
507 2251 667 2309 γένους
695 2252 817 2294 Bess.
847 2252 978 2308 γένος
1005 2253 1054 2295 Ρ.
1173 2254 1214 2298 7.
1246 2249 1468 2308 ἀσφαλῶς
1504 2254 1769 2296 καταλιπεῖν
1799 2251 1920 2296 Bess-
1961 2252 2150 2295 καταλι-

436 2315 541 2354 πεῖν
572 2309 788 2365 ἀσφαλῶς
816 2311 866 2353 Ρ.
979 2313 1022 2355 9.
1051 2309 1299 2367 περιχαρής
1322 2310 1446 2354 Bess.
1473 2311 1726 2367 περιχαρῶς
1754 2310 1807 2353 P.
1930 2309 2037 2352 ibid.
2067 2305 2150 2352 ἆλ-

437 2367 529 2422 λοὲ]
562 2366 675 2412 ἄλλα
704 2367 756 2410 Ρ.
873 2370 942 2413 11.
970 2369 1292 2423 uocata-0909]
1322 2366 1565 2423 κυὲστορος
1590 2369 1712 2411 Bess.
1834 2367 1902 2410 12.
1932 2367 2151 2422 ἰουστίνῳ

440 2427 564 2469 Bess.
590 2422 848 2472 Ἰουστίνου
872 2427 923 2468 Ρ.
1042 2430 1110 2472 16.
1143 2431 1209 2474 17.
1239 2423 1406 2484 βεόδης
1434 2427 1556 2470 Bess.
1597 2425 1783 2483 Βεώὸης
1811 2425 1862 2467 P.-

324 2555 573 2606 Persarum,
615 2554 688 2610 qui
726 2558 1042 2611 repugnarunt:
1084 2555 1260 2599 alteram
1288 2554 1390 2597 item
1419 2552 1462 2596 in
1491 2551 1713 2603 Armenia,
1743 2550 1933 2609 proxime
1961 2550 2015 2594 ad
2045 2551 2153 2593 Por-

326 2612 564 2654 sarmeniae
591 2611 697 2653 fines
714 2642 726 2665 ,
758 2627 869 2667 quae
899 2614 1017 2668 prius
1047 2611 1407 2669 Theodosiopolis
1435 2610 1576 2664 dicta,
1604 2610 1717 2666 quod
1748 2608 2020 2652 Theodosius
2047 2608 2151 2665 Imp.
2175 2663 2178 2666 ρ

324 2669 441 2710 urbis
470 2667 720 2722 dignitatem
750 2668 928 2724 ignobili
957 2669 1053 2712 vico
1083 2669 1363 2713 attribuisset.

440 2726 507 2768 11.
567 2726 791 2769 Anastasio
822 2726 911 2768 vita
953 2727 1126 2777 functo,
1180 2725 1370 2784 quamvis
1397 2723 1516 2768 multi
1545 2723 1718 2779 generis
1747 2723 1944 2767 claritate
1971 2722 2150 2778 imperio

323 2780 441 2836 digni
465 2782 780 2838 reperirentur,
810 2786 993 2826 caeteris
1023 2784 1231 2840 repulsam
1260 2782 1422 2840 passis,
1450 2783 1640 2824 Iustinus
1669 2781 1877 2823 succedit.
1933 2780 2000 2823 Ad
2030 2793 2154 2837 quem

324 2839 550 2891 Cabades‚
593 2853 678 2894 quo
708 2840 797 2882 filio
828 2848 931 2882 natu
961 2842 1128 2884 minimo
1171 2842 1389 2884 Chosroae
1418 2853 1592 2894 regnum
1621 2845 1712 2880 tuto
1741 2837 2024 2894 relinqueret,
2053 2836 2154 2880 lite·
2180 2846 2184 2854 ¹

323 2909 397 2938 ras
428 2896 575 2949 dedit,
604 2897 801 2952 adoptari
832 2898 885 2939 ab
916 2897 1009 2953 ipso
1041 2901 1260 2941 Chosroen
1290 2897 1520 2954 postulans.
1579 2895 1764 2937 Iustinus
1794 2895 2048 2951 postulantis
2076 2908 2151 2936 vo-

323 2959 412 2996 tum
442 2953 638 2995 lubenter
668 2955 860 3010 accepit,
892 2962 940 2996 ut
971 2961 1015 2997 et
1045 2956 1302 2998 lastinianus
1331 2954 1493 2997 sororis
1522 2952 1614 2995 eius
1643 2953 1768 3000 filius,
1797 2951 1870 3008 qui
1898 2951 2021 3006 regni
2050 2951 2179 2997 haef

323 3024 393 3053 res
425 3011 689 3066 sperabatur.
747 3012 838 3053 Sed
867 3011 1012 3054 Procli
1042 3013 1294 3064 Quaestoris
1322 3011 1509 3054 consiliis
1535 3009 1787 3052 sententiam
1817 3013 2051 3060 mutarunt,
2078 3012 2184 3050 rie-¹

326 3082 410 3123 que
441 3082 466 3109 a
493 3068 654 3110 Iustino
688 3067 900 3110 chosroes
939 3073 1006 3110 est
1049 3069 1291 3126 adoptatus.
1348 3067 1536 3123 Legibus
1566 3065 1673 3108 enim
1710 3065 1820 3107 filios
1849 3066 2053 3108 bonorum
2082 3077 2156 3121 pa-

324 3125 406 3167 tris
437 3138 705 3166 successores
745 3139 933 3181 suosque
961 3125 1170 3169 haeredes
1200 3127 1387 3168 existere
1425 3125 1582 3167 aiebat.
1641 3122 1758 3165 Hinc
1786 3136 1862 3177 pro
1893 3122 2084 3165 Chosroe
2111 3126 2158 3164 et

325 3195 437 3238 pace
468 3196 493 3223 a
524 3181 668 3224 Persis
698 3183 880 3232 Seoses,
912 3182 987 3237 qui
1023 3182 1238 3226 Cabadem
1268 3182 1430 3238 pridem
1460 3185 1684 3230 servarat,
1713 3184 1759 3222 et
1786 3179 1978 3231 Beodes3
2008 3193 2034 3221 a
2062 3178 2154 3221 Ro-

325 3238 461 3281 manis
491 3252 594 3280 vero
623 3239 805 3281 Rufinus
836 3245 879 3281 et
906 3239 1125 3295 Hypatius
1152 3240 1284 3295 legati
1312 3239 1442 3282 missi.
1499 3237 1560 3279 Et
1587 3235 1755 3279 Beodes
1783 3236 1952 3292 quidem
1981 3236 2155 3285 Seosem

327 3295 443 3351 apud
472 3295 630 3338 Persas
660 3295 964 3347 calumniatus,
1007 3295 1099 3338 vita
1138 3297 1389 3352 privandum
1419 3293 1603 3337 curavit.
1662 3293 1840 3336 Rufinus
1867 3307 1973 3336 vero
2001 3294 2154 3349 Hypa-

327 3352 430 3394 tium
471 3353 587 3409 apud
615 3352 919 3409 Imperatorem
948 3353 1250 3404 insimulando,
1279 3353 1530 3408 magistratu
1560 3348 1732 3393 deiecit.
2152 3348 2160 3354 ⁹

446 3412 511 3453 12.
573 3410 702 3460 Quod
741 3411 856 3452 inter
892 3411 1130 3466 Bosporum
1172 3417 1216 3452 et
1258 3409 1518 3452 Chersonem
1548 3407 1715 3450 dierum
1742 3405 1898 3463 viginti
1927 3404 2152 3449 interiacet

305 3476 308 3478 ’
330 3466 536 3524 spatium,
567 3467 714 3510 Hunni
739 3466 951 3512 incoluntz
981 3466 1057 3524 qui
1083 3467 1174 3511 suis
1203 3466 1301 3511 olim
1328 3465 1494 3523 legibus
1522 3464 1739 3521 degentes,
1766 3464 1811 3507 in
1839 3463 1990 3508 lustini
2015 3475 2152 3520 nuper
