2254 3814
149 457 185 499 P
218 459 301 501 209

265 708 303 750 B

253 1574 291 1616 C

330 131 452 189 366
1076 133 1412 189 PROCOPII

327 274 394 328 τὰ
414 280 505 329 τοῦ
533 274 728 327 δικαίου
757 269 1131 342 ταττόμενον.“
1214 273 1517 348 Βελισάριος
1541 277 1635 344 μὲν
1659 284 1887 332 τοσαῦτα
1911 277 2056 334 εἶπεν.
2122 279 2155 347 ἡ

329 362 384 413 δὲ
415 361 630 430 στρατιὰ
665 357 932 424 ξύμπασα,
974 360 1140 429 ἐπειδὴ
1180 360 1246 414 τά
1279 384 1333 415 τε
1372 359 1611 432 λεγόμενα
1649 362 1874 431 ἤκουσαν
1900 369 1983 417 καὶ
2006 368 2056 427 ἐς
2082 366 2156 426 το)

334 445 797 512 ἀνεσκολοπισμένω
821 445 1138 514 ἀπέβλεψαν,
1168 448 1218 509 ἐς
1245 448 1356 509 δέος
1386 470 1434 500 τι
1460 447 1723 516 ἀμήχανον
1754 444 1915 517 ἦλθον
1944 453 2028 502 καὶ
2052 471 2157 504 σω-

327 529 531 601 φρόνως
572 528 814 597 βιοτεύειν
850 532 901 584 ἒν
938 538 1010 604 νῷ
1044 532 1258 599 ἔλαβον,
1317 531 1384 596 ὥς
1412 533 1503 586 οἰκ
1541 533 1636 597 ἔξω
1667 533 1900 589 κινδύνου
1933 533 2155 606 μεγάλου

327 614 571 684 ἐσόμενοι,
612 614 674 684 ’ἥν
697 637 743 668 τι
775 615 866 668 οὐκ
889 615 1098 684 ἔννομον
1123 624 1383 681 ποιοῦντες
1403 617 1585 673 ἀλοῖεν.

502 698 581 770 ιγ’.
669 701 826 754 Μετὰ
850 703 904 754 δὲ
931 709 1095 756 ταῦτα
1123 701 1378 775 ἐφρόντιζε
1406 701 1707 774 Βελισάριος
1732 701 1870 768 ὅπως
1893 727 1945 759 τε
1975 703 2000 758 ὃ
2030 703 2158 773 ξύμ-

325 807 428 847 πας
451 785 633 848 στόλος
662 786 738 840 ἀεὶ
766 788 896 841 κατὰ
924 788 1090 842 ταύτὰ
1112 791 1252 843 πλέοι
1287 793 1370 842 καὶ
1401 792 1451 852 ἐς
1469 792 1658 860 χωρίον
1679 791 1838 844 ταύτὸ
1874 794 2158 862 προσορμί-

326 874 478 936 ζοιτο.
564 871 674 943 ᾔδει
712 873 808 943 γὰρ
838 871 907 935 ὥς
934 876 985 928 ἐν
1018 873 1219 948 μεγάλῳ
1256 873 1442 948 στόλῳ,
1486 876 1652 939 ἄλλως
1677 898 1730 929 τε
1766 879 1850 929 καὶ
1871 876 1933 946 ἢν
1957 886 2159 947 τραχεῖς

323 955 497 1028 σφίσιν
535 957 710 1027 ἄνεμοι
749 960 1041 1027 ἐπιπέσοιεν,
1087 960 1360 1031 ἐπάναγκες
1405 961 1777 1015 ἀπολείπεσθαί
1813 984 1866 1015 τε
1901 968 2003 1016 τῶν
2032 968 2157 1015 νεῶν

322 1044 516 1106 πολλὰς
556 1047 639 1096 καὶ
682 1043 1058 1099 σκεδάννυσθαι
1096 1049 1147 1108 ἐς
1176 1048 1234 1100 τὸ
1266 1049 1510 1116 πέλαγος,
1558 1047 1649 1100 οὐκ
1688 1048 1869 1100 εἰδέναι
1903 1070 1955 1100 τε
1984 1048 2153 1101 αὐτῶν
2172 1066 2226 1107 10

319 1128 443 1189 τοὺς
481 1126 792 1201 κυβερνήτας
826 1128 1024 1194 ὁποίαις
1061 1133 1184 1185 ποτὲ
1218 1139 1320 1186 τῶν
1357 1132 1649 1203 ἔμπροσθεν
1685 1132 2009 1202 ἀναγομένων
2041 1134 2153 1187 ἕπε-

322 1219 453 1267 σθαι
492 1214 713 1282 ἄμεινον.
803 1215 1132 1286 λογισάμενος
1171 1212 1260 1270 οὖν
1294 1219 1446 1271 ἐποίει
1481 1215 1617 1271 τάδε.
1706 1223 1860 1288 τριῶν
1899 1224 2052 1284 νεῶν,
2100 1220 2152 1273 ἓν

905 1300 921 1319 t

323 1298 406 1362 αἶς
452 1299 608 1363 αὐτός
650 1322 704 1354 τε
754 1304 838 1353 καὶ
890 1325 923 1371 η
975 1303 1227 1372 θεραπεία
1262 1301 1425 1369 ἔπλει,
1476 1301 1540 1356 τὰ
1578 1303 1714 1356 ἱστία
1750 1305 1804 1356 ἐκ
1836 1306 2020 1373 γωνίας
2060 1309 2154 1373 τῆς

322 1385 430 1439 ἄνω
466 1388 516 1449 ἒς
554 1384 882 1456 τριτημόριον
917 1385 1142 1456 μάλιστα
1187 1387 1350 1458 ἔχρισε
1383 1390 1574 1463 μίλτῳ,
1621 1386 1833 1450 κοντούς
1866 1411 1920 1443 τε
1957 1389 2154 1460 ὀρθοὺς

320 1470 615 1539 ἀναστήσας
655 1474 707 1524 ἓν
754 1471 960 1545 πρύμνῃ
1002 1471 1190 1545 ἑκάστῃ
1231 1474 1577 1545 ἀπεκρέμασεν
1621 1474 1717 1528 ἀπ’
1766 1474 1936 1528 αὐτῶν
1969 1473 2147 1543 λύχνα,
2169 1492 2222 1537 15

321 1555 459 1620 ὅπως
484 1557 535 1611 ἵν
562 1579 616 1611 τε
648 1556 813 1633 ἡμέρα
845 1562 927 1613 καὶ
953 1562 1093 1613 νυκτὶ
1131 1561 1185 1612 αἱ
1213 1566 1305 1614 τοῦ
1335 1566 1624 1631 στρατηγοῦ
1660 1566 1774 1631 νῆες
1803 1559 2002 1629 ἔκδηλοι
2026 1559 2120 1615 εἶεν
2138 1578 2151 1591 ·

318 1641 400 1704 αἷς
424 1644 484 1712 δὴ
513 1645 728 1697 ἕπεσθαι
753 1646 874 1707 τοὺς
895 1643 1209 1716 κυβερνήτας
1232 1646 1419 1700 ἐκέλευε
1443 1644 1654 1708 πάντας.
1744 1646 1878 1699 οὕτω
1903 1652 2005 1700 τῶν
2028 1652 2153 1700 νεῶν

313 1734 416 1783 τῶν
446 1735 600 1799 τριῶν
626 1728 918 1799 ἡγουμένων
959 1733 1112 1785 παντὶ
1141 1738 1213 1804 τῷ
1238 1730 1402 1805 στόλῳ
1427 1729 1693 1802 τετύχηκεν
1719 1732 1887 1786 αὐτῶν
1911 1732 2152 1801 οὐδεμίαν

314 1814 703 1887 ἀπολελεῖφθαι.
747 1816 830 1871 ὅτε
856 1818 1027 1884 μέντοι
1057 1819 1109 1870 ἔκ
1137 1818 1336 1887 λιμένος
1359 1817 1590 1890 ἀπαίρειν
1611 1818 1855 1887 μέλλοιεν,
1880 1815 2153 1887 ἐσήμαινον

316 1899 490 1964 αὐτοῖς
518 1907 670 1955 τοῦτο
700 1903 754 1954 αἱ
790 1901 1074 1972 σάλπιγγες.

478 1987 564 2041 Ἐκ
587 1989 643 2040 δὲ
659 1985 880 2054 Ἀβύδου
924 1988 1220 2057 ἀναχθεῖσιν
1245 1987 1421 2051 αὐτοῖς
1456 1986 1631 2056 ἄνεμοι
1656 1989 1866 2059 σκληροὶ
1891 1985 2152 2042 ἐπιπεσόν-

315 2094 398 2136 τες
421 2073 610 2144 ἥγαγον
637 2076 706 2135 εἷς
729 2075 786 2128 τὸ
816 2075 1026 2144 Σίγειον.
1116 2068 1274 2137 αὖθίς
1301 2096 1354 2128 τε
1376 2075 1586 2149 νηνεμίᾳ
1605 2071 1918 2145 χρησάμενοι
1942 2075 2151 2144 σχολαί-

427 2252 471 2297 7.
499 2247 675 2308 ταύτά]
705 2253 846 2309 Vulgo
875 2253 1039 2299 ταῦτα.
1154 2253 1198 2296 8.
1224 2248 1354 2311 ᾔδει]
1384 2249 1477 2310 ἤδη
1505 2251 1610 2295 HL:
1639 2250 1700 2297 ἴσ.
1728 2248 1832 2311 ᾔδει
1858 2252 1956 2298 Η..

314 2430 365 2468 ut
384 2423 529 2467 vincat
543 2424 777 2478 fortitudo,
818 2441 930 2482 quae
949 2426 995 2469 in
1017 2426 1166 2468 eadem
1186 2440 1272 2468 non
1292 2430 1381 2469 stat
1400 2425 1493 2468 acie
1518 2438 1613 2468 cum
1638 2425 1820 2467 iustitia.
1878 2425 2002 2468 Haec
2031 2424 2150 2467 Beli·

315 2482 478 2525 sarius:
523 2496 633 2538 quae
662 2497 755 2524 cum
786 2498 928 2526 omnes
959 2483 1192 2535 audissent,
1223 2483 1429 2539 simulque
1458 2496 1548 2533 eos,
1579 2482 1652 2538 qui
1684 2499 1708 2525 e
1735 2483 1859 2525 furca
1889 2482 2148 2539 pendebant,

315 2545 460 2582 essent
491 2538 693 2592 contuiti,
736 2540 780 2581 in
804 2541 1024 2584 maximum
1054 2541 1227 2583 adducti
1257 2549 1436 2592 metum,
1478 2540 1697 2583 moderate
1725 2553 1773 2582 se
1801 2553 1954 2594 gerere
1983 2545 2150 2581 statue-

314 2602 440 2640 runt=
496 2596 654 2652 quippe
684 2597 758 2652 qui
796 2598 842 2640 in
872 2606 1058 2642 extremo
1090 2598 1330 2641 discrimine
1368 2598 1464 2641 fore
1491 2611 1539 2640 se
1566 2596 1878 2653 intelligerent,
1922 2597 1960 2638 si
1990 2611 2073 2652 quo
2102 2597 2148 2639 in

312 2653 477 2698 scelere
504 2654 938 2710 deprehenderentur.

314 2727 317 2732 ’
431 2711 499 2755 13.
561 2710 725 2754 Deinde
754 2714 933 2756 animum
963 2729 1013 2757 eo
1040 2712 1274 2757 Belisarius
1304 2710 1490 2766 adiecit,
1537 2716 1587 2756 ut
1606 2710 1763 2755 classis
1791 2708 2040 2752 coniunctim
2069 2725 2147 2753 na-

311 2766 510 2823 vigaret,
565 2774 696 2824 atque
724 2769 768 2812 in
798 2785 923 2814 unum
966 2785 1134 2828 semper
1171 2770 1305 2814 locum
1334 2770 1639 2826 appellaretur.
1699 2768 1875 2811 Sciebat
1910 2767 2019 2810 enim
2051 2768 2146 2811 fieri

311 2840 394 2868 non
426 2829 554 2881 posse
582 2825 626 2867 in
658 2841 808 2883 magno
838 2828 1007 2871 navium
1035 2842 1234 2880 numero,
1275 2827 1527 2885 praesertim
1554 2827 1592 2870 si
1621 2829 1738 2870 venti
1767 2825 1944 2868 violenti
1970 2825 2147 2880 ingrue-

310 2887 425 2932 rent,
456 2882 556 2937 quin
587 2897 713 2925 cursu
744 2892 1048 2928 excuterentur
1076 2886 1248 2937 multae,
1286 2891 1334 2928 et
1362 2898 1440 2941 per
1467 2898 1628 2942 aequor
1655 2885 1719 2927 ita
1747 2882 2061 2935 disiicerentur‚
2097 2887 2146 2925 ut

311 2939 528 2982 nescirent
556 2941 864 2994 gubernatores
895 2957 1096 2998 quasnam
1127 2957 1298 2994 earum,
1351 2957 1462 2998 quae
1487 2941 1820 2999 praecederent,
1865 2940 1986 2995 sequi
2018 2954 2144 2995 prae-

309 3003 463 3039 staret.
521 2997 660 3051 Igitur
699 3012 840 3041 secum
869 2999 976 3042 inita
1004 3001 1196 3051 ratione,
1241 3001 1323 3042 hoc
1353 2999 1458 3054 egit.
1517 2999 1667 3042 Trium
1696 2998 1792 3039 vela
1819 2997 2013 3047 navium,
2046 2996 2144 3052 qui-

309 3055 390 3096 bus
419 3053 513 3109 ipse
558 3069 651 3096 cum
682 3068 758 3096 suo
789 3056 1021 3100 ministerio
1051 3059 1313 3108 vehebatur,
1359 3060 1412 3098 ab
1445 3055 1597 3112 angulo
1636 3055 1849 3110 superiori
1877 3054 1931 3096 ad
1971 3056 2142 3096 tertiam

309 3112 403 3153 fere
433 3116 598 3167 partem
628 3113 803 3155 rubrica
830 3114 992 3156 illevit:
1039 3123 1262 3170 praeterea
1291 3113 1428 3156 contis
1457 3113 1500 3155 in
1529 3127 1783 3169 unaquaque
1811 3126 1956 3168 puppe
1985 3111 2143 3155 erectis

309 3168 487 3224 lychnos
528 3170 766 3224 suspendit,
806 3185 890 3226 quo
921 3185 1050 3213 naves
1079 3171 1264 3227 supremi
1292 3171 1412 3212 ducis
1441 3170 1514 3213 diu
1543 3178 1756 3227 noctuque
1783 3168 2012 3212 internosci
2042 3182 2143 3225 pos-

311 3231 431 3276 sent3
461 3231 549 3268 tum
580 3226 745 3268 cunctis
774 3229 1146 3281 gubernatoribus,
1177 3241 1250 3271 eas
1273 3232 1323 3270 ut
1345 3234 1638 3284 sequerentur,
1668 3227 1814 3269 edixit.
1876 3227 1951 3269 Sic
1979 3226 2143 3268 demum

259 3293 261 3295 ’
310 3282 442 3326 classi
470 3283 774 3338 praeeuntibus
804 3284 938 3327 ternis
967 3285 1168 3336 navibus,
1205 3291 1466 3327 caeterarum
1495 3286 1609 3328 nulla
1637 3284 1870 3330 deerravit.
1929 3284 2036 3326 Cum
2066 3296 2143 3326 au-

309 3344 398 3383 tem
428 3346 556 3396 portu
585 3341 831 3383 solvendum
861 3348 981 3393 erat,
1014 3342 1180 3398 signum
1209 3341 1399 3384 buccinis
1429 3343 1628 3386 dabatur.

427 3399 580 3453 Abydo
610 3399 824 3455 profectos
853 3399 907 3441 ad
938 3399 1112 3455 Sigeum
1140 3399 1331 3456 propulit
1358 3400 1649 3444 vehementior
1669 3402 1846 3444 ventus:
1877 3411 1960 3455 quo
1991 3402 2144 3455 postea

313 3456 590 3512 concidente,
638 3455 792 3500 lentius
820 3455 1005 3501 Maleam
1034 3462 1207 3500 ventum
1246 3462 1342 3511 est,
1384 3458 1459 3500 ubi
1489 3459 1668 3503 malacia
1707 3456 1930 3516 plurimum
1959 3456 2140 3513 profuit.

2167 635 2195 678 5

2163 1921 2223 1964 20

2246 2567 2250 2586 ,¹

2245 2590 2254 2629 ἶ
