2254 3814
531 182 627 236 DE
667 182 897 236 BELLO
940 180 1234 236 PERSICO
1276 180 1345 235 Π.
1393 179 1487 236 11.
1806 179 1925 235 201

99 319 447 397 φυλακτήριον
468 322 599 394 μέγα
625 324 771 393 σφίσι
804 343 859 377 τε
896 323 1071 387 αὐτοῖς
1100 325 1185 378 καὶ
1218 326 1286 395 τῇ
1310 317 1453 376 πόλει
1478 314 1797 381 πιστεύοντες
1821 316 1932 372 ἴσε-

99 415 230 464 σθαι
254 407 427 479 θήκην
461 408 620 462 αὐτοῦ
654 408 859 476 ξυλίνην
892 408 1008 461 τινὰ
1034 408 1356 478 πεποιημένοι
1401 407 1711 471 κατέθεντο,
1767 403 1832 473 ἣν
1866 404 1930 473 δὴ
1964 408 2007 451 H
2036 409 2093 453 63

0 532 1 538 κ
94 501 274 568 χρυσῷ
301 517 355 549 τε
389 498 563 566 πολλῷ
596 494 681 546 καὶ
722 494 892 555 λίθοις
915 495 1134 561 ἐντίμως
1171 491 1495 563 ἐκόσμησαν,
1553 492 1639 545 καὶ
1676 492 1811 561 τρισὶ
1841 491 1937 558 μέν

99 581 283 651 ἱερεῦσι
312 579 630 650 παρέδοσαν,
677 577 767 648 ἐφ’
797 570 839 652 ᾧ
866 578 955 641 ξὺν
977 576 1117 650 πάσῃ
1143 579 1397 653 ἀσφαλείᾳ
1422 574 1768 650 φυλάξουσιν,
1817 572 1935 639 ἐξά-

55 682 271 737 εγοντες
318 665 375 719 δέ.
405 662 505 718 civ&
539 667 643 716 πᾶν
681 660 796 725 ἔτος
834 666 1086 732 πανδημεὶ
1128 666 1181 717 ἐν
1226 662 1394 737 ἡμέρᾳ
1439 667 1783 734 προσκυνοῦσι
1821 666 1935 736 μιᾷ.

95 748 212 806 τότε
234 744 327 804 οὖν
346 746 375 803 ὅ
398 753 503 802 τῶν
530 747 799 816 Ἀπαμέων
832 747 991 815 λεὼς,
1038 749 1210 817 ἐπειδὴ
1245 750 1334 803 τὸν
1359 746 1567 818 Μήδων
1603 746 1827 820 στρατὸν
1854 748 1935 800 ἐπὶ

94 840 236 908 σφᾶς
270 830 526 888 ἐπύθοντο
561 834 720 900 ἴέναι,
781 834 835 886 ἐν
872 834 969 887 δέει
1006 832 1210 908 μεγάλῳ
1249 833 1494 904 ἐγένοντο.
1588 830 1838 903 Χοσρόην
1879 833 1936 886 δὲ

95 918 369 983 ἀκούοντες
406 917 477 982 ὥς
521 917 708 989 ἥκιστα
757 918 1102 988 ἀληθίζεσθαι
1154 920 1238 972 καὶ
1274 919 1415 987 παρὰ
1468 921 1665 986 Θωμᾶν
1702 919 1793 972 τὸν
1829 923 1925 986 τῆς
1953 924 1996 967 V
2023 924 2111 970 300

93 1003 289 1069 πόλεως
314 1003 550 1077 ἀρχιερέα
573 1001 830 1075 γενόμενοι
855 1003 1057 1058 ἐδέοντο
1087 1002 1147 1058 τὸ
1173 1009 1267 1058 τοῦ
1294 1010 1524 1074 σταυροῦ
1562 1001 1714 1067 ξύλον
1744 1004 1932 1057 ἐπιδεῖ-

26 1094 179 1156 ιοξαι
216 1092 423 1164 σφίσιν,
486 1089 627 1153 ὅπως
663 1089 790 1144 αὐτὸ
828 1087 1031 1143 ὕστατα
1070 1088 1516 1160 προσκυνήσαντες
1548 1085 1934 1157 τελευτήσωσιν.

95 1175 124 1232 ὃ
150 1177 207 1231 δέ
228 1177 359 1231 κατὰ
383 1181 549 1231 ταῦτα
576 1176 744 1231 ἐποίει.
811 1173 926 1229 τότε
954 1175 1018 1244 δὴ
1043 1175 1222 1244 θέαμα
1249 1175 1536 1245 ξυνηνέχθη
1576 1172 1730 1244 λόγου
1762 1194 1816 1227 τε
1846 1175 1931 1226 καὶ

94 1264 311 1326 πίστεως
345 1269 574 1333 κρεῖττον
605 1262 838 1315 ἐνταῦθα
871 1261 1128 1332 γενέσθαι.
1213 1261 1274 1315 τὸ
1300 1262 1395 1330 μὲν
1415 1260 1514 1332 γὰρ
1543 1258 1695 1324 ξύλον
1719 1257 1745 1314 ὃ
1770 1258 1930 1331 ἱερεὺς
1958 1262 1996 1304 C

94 1349 266 1420 φέρων
302 1349 574 1414 ἐδείκνυεν,
629 1346 854 1418 ὕπερθεν
892 1347 949 1401 δὲ
977 1346 1139 1402 αὐτοῦ
1173 1347 1326 1411 σέλας
1368 1346 1529 1418 πυρὸς
1554 1344 1821 1418 ἐπεφέρετο
1849 1346 1935 1398 καὶ

93 1433 154 1488 τὸ
179 1432 298 1487 κατ’
327 1433 487 1489 αὐτὸν
508 1438 600 1503 τῆς
623 1432 820 1505 ὀροφῆς
840 1433 997 1503 μέρος
1027 1435 1161 1504 φωτὶ
1182 1438 1358 1508 πολλῷ·
1376 1429 1506 1503 ὖπέρ
1533 1432 1594 1486 τὸ
1626 1431 1814 1494 εἰωθὸς
1837 1452 1935 1484 κα-

25 1515 396 1588 ι5τελᾶμπετο.
483 1515 784 1588 βαδίζοντός
827 1540 883 1573 τε
923 1524 1016 1573 τοῦ
1048 1518 1218 1590 ἱερέως
1255 1523 1491 1586 πανταχῆ
1530 1523 1623 1572 τοῦ
1662 1517 1759 1571 νεὼ
1798 1537 1943 1584 συμα

94 1602 275 1677 προῄει
306 1605 366 1660 τὸ
393 1605 576 1671 σέλας,
616 1602 886 1677 φυλάσσον
921 1604 998 1658 ἀεὶ
1024 1604 1118 1673 τὴν
1142 1603 1270 1676 ὖπέρ
1295 1605 1456 1659 αὐτοῦ
1486 1609 1579 1672 τῆς
1606 1602 1804 1675 ὀροφῆς
1825 1598 1935 1670 χῶ-

95 1711 210 1759 ραν.
298 1688 327 1745 ὅ
363 1692 457 1760 μὲν
495 1685 587 1745 οὖν
622 1696 728 1745 τῶν
757 1689 1028 1759 Ἀπαμέων
1062 1693 1228 1760 δῆμος
1263 1687 1364 1745 ὖπό
1403 1695 1498 1759 τῆς
1531 1694 1625 1743 τοῦ
1656 1685 1937 1756 θαύματος

91 1773 284 1844 ἦδονῆς
317 1772 601 1845 ἐθαμβεΐτό
637 1797 693 1830 τε
734 1777 820 1829 καὶ
857 1772 1083 1846 ἐγεγήθει
1121 1778 1206 1829 καὶ
1243 1774 1465 1842 ἔκλαιεν,
1504 1773 1606 1845 ἤδη
1632 1795 1686 1828 τε
1712 1771 1936 1835 ἅπαντες

90 1858 223 1932 ὖπέρ
241 1866 335 1930 τῆς
357 1863 617 1933 σωτηρίας
640 1860 701 1915 τὸ
735 1866 953 1932 θαρσεῖν
981 1858 1130 1930 εἶχον.
1217 1858 1245 1916 ὅ
1276 1863 1333 1915 δὲ
1373 1863 1597 1926 Θωμᾶς,
1646 1858 1815 1928 ἐπειδὴ
1843 1879 1935 1911 πε-

24 1951 276 2018 ωριῆλθε
295 1946 388 2002 τὸν
413 1947 542 2002 νεὼν
565 1945 773 2001 ἅπαντα
787 1987 805 2014 ,
851 1947 1205 2015 καταθέμενος
1239 1947 1292 2000 ἐν
1314 1950 1379 2020 τῇ
1400 1942 1543 2017 θήκῃ
1565 1944 1626 1999 τὸ
1650 1950 1744 1999 τοῦ
1769 1965 1932 1998 σταυ-

93 2037 188 2103 ροῦ
229 2029 382 2097 §nitor
418 2030 675 2102 ἐκάλυψε,
733 2034 820 2086 καὶ
850 2032 910 2087 τὸ
954 2032 1108 2095 σέλας
1148 2033 1203 2087 ἐκ
1233 2037 1327 2086 τοῦ
1363 2032 1621 2104 αἰφνιδίου
1648 2030 1923 2088 ἐπέπαυτο.
1951 2042 1992 2085 D

90 2117 284 2186 μαθὼν
323 2120 381 2173 δὲ
420 2118 512 2173 τὸν
544 2124 649 2173 τῶν
685 2119 939 2187 πολεμίων
971 2118 1196 2189 στρατὸν
1230 2115 1447 2190 ἅγχιστά
1479 2139 1579 2171 που
1615 2121 1708 2185 τῆς
1733 2113 1929 2179 πόλεως

92 2202 229 2273 ἥκειν
245 2244 263 2270 ,
309 2206 510 2276 σπουδῇ
541 2209 705 2277 πολλῇ
735 2203 877 2275 παρὰ
900 2204 991 2259 τὸν
1017 2201 1264 2276 Χοσρόην
1298 2203 1528 2276 ἄφίκετο.
1614 2203 1699 2257 καὶ
1727 2201 1783 2264 ὃς
1810 2200 1930 2256 ἀνε-

92 2286 388 2344 πυνθάνετο
418 2296 512 2344 τοῦ
539 2289 710 2362 ἱερέως
734 2292 778 2343 εἷ
797 2289 1128 2358 βουλομένοις
1149 2299 1258 2353 τοῖς
1275 2290 1584 2359 Ἀπαμεῦσιν
1605 2287 1679 2358 εἴη
1709 2286 1809 2341 ἀπὸ
1834 2291 1928 2341 τοῦ

30 2373 367 2447 ὕπεριβόλου
391 2372 767 2440 ἀντιτάξασθαι
789 2381 862 2450 τῷ
894 2373 1097 2445 Μήδων
1120 2381 1344 2450 στρατῷ.
1399 2375 1704 2445 ἀπεκρίνατο
1731 2375 1929 2441 Θωμᾶς

96 2525 206 2557 mum
233 2510 320 2556 sibi
346 2517 478 2571 atque
505 2510 604 2556 urbi
632 2510 895 2569 praesidium
939 2511 1035 2555 fore
1064 2510 1427 2569 persuasissimum
1455 2511 1689 2562 baberent,
1726 2508 1770 2552 in
1802 2509 1931 2552 theca

93 2569 239 2626 lignea
276 2583 382 2614 auro
419 2569 551 2614 multo
588 2569 846 2626 geminiane
898 2579 1106 2614 exornata
1139 2569 1401 2626 repositum,
1454 2569 1591 2612 ternis
1633 2566 1933 2611 sacerdotibus

96 2640 224 2683 qnam
262 2626 475 2671 tutissime
514 2629 817 2671 asservandum
855 2627 1092 2670 tradidere.
1151 2627 1285 2671 Certo
1325 2623 1690 2683 quotannis-die,
1731 2625 1932 2668 eductum

96 2685 227 2728 theca
254 2685 479 2730 universus
507 2684 695 2743 populus
724 2685 890 2727 adorat.
948 2685 1038 2727 Iam
1069 2698 1175 2728 vero
1205 2686 1490 2743 Apamenses,
1522 2682 1595 2726 ubi
1624 2682 1679 2726 ad
1707 2695 1754 2726 se
1781 2682 1933 2725 venire

94 2740 320 2786 Medorum
359 2741 591 2787 exercitum
631 2742 882 2794 audierunt,
932 2757 984 2785 eo
1030 2742 1252 2799 perterriti
1294 2742 1444 2785 nuntio
1484 2747 1531 2784 et
1569 2741 1686 2784 fama
1723 2740 1934 2798 perfidiae

95 2798 328 2852 chosrois,
369 2799 576 2844 Tho-am
616 2799 806 2843 civitatis
848 2799 1083 2843 antistitem
1123 2809 1442 2852 convenerunt,
1490 2798 1857 2855 obsecratumque
1885 2802 1935 2840 ut

97 2855 243 2900 ands
269 2857 431 2914 lignum
460 2856 709 2909 exhiberet3
738 2871 821 2914 quo
854 2858 1043 2901 ultimum
1072 2857 1277 2910 adorato,
1319 2855 1514 2914 aequiori
1548 2855 1686 2899 animo
1716 2868 1933 2899 moreren-

97 2920 184 2958 tur.
239 2914 320 2959 lllo
362 2915 619 2972 postndatnm
652 2914 884 2972 implente,
922 2915 1213 2972 spectaculum
1253 2920 1389 2959 ortum
1420 2921 1512 2966 est,
1583 2912 1667 2957 uod
1697 2919 1743 2956 et
1771 2911 1934 2965 oratio-

98 2985 194 3015 nem
221 2978 270 3016 et
296 2972 424 3016 fldem
452 2972 639 3016 excedit.
695 2972 877 3029 Lignum
908 2972 1168 3030 praeferenti
1206 2972 1544 3029 monstrantique
1610 2970 1767 3015 raesuli
1797 2968 1934 3013 immi-

99 3029 232 3074 nebat
256 3029 428 3086 igneum
457 3029 607 3082 iubar,
637 3033 684 3074 et
711 3044 906 3074 camerae
936 3044 1065 3087 pars,
1095 3029 1167 3074 cui
1201 3031 1404 3083 suberat,
1428 3029 1622 3072 insuetae
1651 3028 1760 3071 lucis
1790 3028 1935 3085 splen-

100 3085 209 3129 dore
233 3099 386 3143 magno
413 3086 638 3132 emicabat,
697 3088 830 3131 Simul
870 3096 1009 3131 autem
1039 3102 1131 3131 cum
1163 3088 1373 3132 Pontifice
1411 3086 1610 3142 tempium
1639 3087 1823 3130 obeunte
1849 3085 1935 3127 sul-

2 3158 5 3170 ⁴
100 3156 182 3197 gor
219 3144 507 3200 procedebat,
550 3145 595 3187 in
634 3146 849 3189 testudine
891 3146 1024 3189 locum
1064 3145 1293 3198 obtinens,
1335 3143 1409 3203 qui
1458 3144 1519 3187 illi
1561 3144 1849 3200 respondebat
1879 3142 1934 3185 nd

102 3200 458 3257 perpendiculum.
519 3202 776 3272 Voluptate,
809 3218 935 3261 quam
967 3204 1048 3246 hoc
1076 3203 1318 3247 miraculum
1349 3201 1572 3260 pariebat,
1597 3201 1763 3245 defixus
1792 3200 1935 3244 hians-

102 3271 186 3312 ·1ue
215 3271 272 3314 po
331 3258 396 3301 lua
423 3260 671 3316 Apameam
700 3275 804 3317 prae
842 3261 998 3317 gaudio
1028 3261 1189 3314 flebat,
1228 3260 1399 3318 iamque
1429 3273 1572 3303 omnes
1601 3265 1758 3303 certam
1790 3257 1932 3314 capie-

102 3314 209 3356 bant
296 3314 383 3358 ntis
408 3329 541 3374 spem.
597 3317 778 3375 Templo
818 3318 963 3372 obito,
995 3319 1148 3363 thecae
1177 3317 1332 3374 lignum
1363 3317 1553 3361 reddidit
1581 3317 1771 3360 Thomas
1801 3323 1932 3370 atque

101 3372 295 3423 obtexit,
335 3385 430 3415 mox
468 3381 513 3416 et
553 3373 679 3419 iubar
709 3376 900 3419 evanuit.
958 3376 1066 3420 Cum
1106 3375 1146 3419 ei
1176 3377 1415 3419 nuntiatum
1443 3381 1559 3418 esset
1588 3373 1780 3417 hostilem
1812 3384 1931 3413 exer-

101 3428 230 3472 eitum
273 3427 367 3472 urbi
408 3431 778 3489 appropinquare,
818 3448 971 3490 magna
1010 3434 1234 3478 celeritate
1310 3431 1470 3476 rudivit
1509 3432 1679 3475 obviam
1722 3427 1929 3471 Chosroiz

103 3485 175 3529 cui
214 3485 522 3543 interroganti,
566 3487 839 3534 decretumne
887 3497 1006 3535 esset
1044 3490 1269 3550 Apamenai
1301 3505 1350 3534 us
1399 3488 1620 3533 Medorum
1654 3484 1867 3531 exercitui
1906 3498 1932 3527 e
