2254 3814
378 198 500 258 446
1122 204 1455 259 PROCOPII

378 342 667 414 ἔμπροσθεν
699 338 865 412 λόγοις
900 338 1165 415 ἐρρήθη),
1229 345 1281 398 ἓν
1319 354 1428 408 τοῖς
1466 349 1549 400 καὶ
1591 347 1658 400 τὰ
1688 347 1946 403 Ἰουδαίων
1971 349 2199 420 κειμήλια

377 424 440 496 ἦν
454 470 471 494 ,
518 427 643 496 ἅπερ
688 427 1076 481 Οὐεσπασιανοῦ
1102 431 1256 492 Τίτος
1279 431 1407 497 μετὰ
1433 433 1525 501 τὴν
1556 438 1659 486 τῶν
1674 431 2036 503 Ἱεροσολύμων
2063 436 2200 490 ἅλω-

378 535 458 566 σιν
493 514 544 574 ἒς
579 510 776 581 Ῥώμην
817 513 905 575 ξῦν
941 511 1128 582 ἑτέροις
1165 519 1293 569 τισὶν
1319 515 1505 586 ἤνεγκε.
1592 520 1673 571 καὶ
1698 518 1830 572 aii-coi
1848 525 1951 573 τῶν
1975 542 2051 583 τις
2069 521 2199 574 'Iov-

377 599 533 650 δαίων
559 598 680 651 ἴδιὸν
708 602 791 650 καὶ
818 599 1086 668 παραστὰς
1116 605 1218 654 τῶν
1244 601 1495 668 βασιλέως
1513 605 1776 672 γνωρίμων
1811 606 1909 658 τινὶ
1935 611 2144 671 ,,ταῦτα
2162 612 2199 637 “

376 681 473 751 ἔφη
514 683 633 748 „voi
665 680 907 753 χρήματα
946 685 995 746 ἒς
1027 684 1085 738 τὸ
1135 686 1186 738 ἓν
1234 688 1501 760 Βυζαντίῳ
1545 685 1794 742 παλάτιον
1835 690 2236 755 ἓσκομιζεσθαιὸ

379 764 678 838 ἀξύμφορον
705 769 876 836 οἴομαι
903 767 1040 823 εἶναι.
1131 770 1191 823 οὗ
1218 771 1316 842 γὰρ
1341 769 1447 825 οἶόν
1471 794 1525 826 τε
1548 772 1679 826 αὐτὰ
1706 771 1922 844 ἑτέρωθι
1945 773 2067 828 εἶναι
2092 775 2123 843 ἢ
2149 777 2201 829 ἐν

373 858 448 924 τῷ
467 851 622 926 χώρῳ
637 895 654 919 ,
700 847 760 907 οὗ
786 854 850 922 δὴ
874 855 1121 923 Σολομῶν
1149 855 1282 909 αὐτὰ
1307 852 1556 927 πρότερον
1585 855 1610 911 ὅ
1641 864 1744 911 τῶν
1763 859 2024 913 Ἰουδαίων
2048 867 2201 927 βασι-

375 938 490 1000 λεὺς
513 938 677 992 ἔθετο.
768 939 854 992 διὰ
879 946 1046 993 ταῦτα
1068 941 1166 1011 γὰρ
1191 944 1274 994 καὶ
1307 947 1359 994 Γ
1355 942 1562 1011 ιζίριχος
1593 943 1655 996 τὰ
1677 941 1937 1012 Ῥωμαίων
1969 949 2202 1011 βασίλεια

306 1035 347 1078 D
377 1021 472 1077 εἷλε
515 1026 598 1077 καὶ
639 1029 730 1077 νῦν
765 1024 831 1077 τὰ
866 1027 1136 1079 Βανδίλων
1171 1024 1197 1078 ὅ
1234 1024 1495 1094 Ῥωμαίων
1531 1026 1812 1098 στρατός.“
1895 1036 2060 1083 ταῦτα
2098 1032 2203 1084 ἐπεὶ

373 1109 706 1178 ἀνενεχθέντα
730 1111 969 1177 βασιλεὺς
991 1110 1235 1178 ἤκουσεν,
1282 1112 1441 1165 ἔδεισέ
1467 1134 1519 1165 τε
1550 1116 1631 1165 καὶ
1663 1112 1927 1179 ξύμπαντα
1952 1115 2081 1168 κατὰ
2104 1113 2198 1168 τά·
2216 1127 2239 1169 1

366 1216 461 1263 χος
498 1197 549 1256 ἐς
583 1201 684 1248 τῶν
718 1199 1046 1265 Χριστιανῶν
1079 1196 1142 1248 τὰ
1178 1194 1617 1265 ἔνἹεροσολίτμοις
1644 1197 1752 1268 ἱερὰ
1780 1197 2018 1266 ἔπεμψεν.
2109 1201 2200 1253 ἀν-

373 1277 607 1350 δράποδα
640 1281 696 1332 δὲ
733 1275 794 1348 ἦν
819 1286 911 1333 τοῦ
932 1278 1199 1350 θριάμβου
1223 1283 1436 1351 Γελίμερ
1460 1303 1512 1335 τε
1535 1281 1705 1347 αὐτὸς,
1743 1282 1941 1351 ἐσθῆτά
1966 1283 2064 1338 πού
2086 1307 2203 1338 τινα

371 1366 451 1417 ἐπὶ
494 1371 596 1419 τῶν
633 1364 784 1431 ὤμων
820 1363 1164 1433 ἀμπεχόμενος
1200 1372 1505 1438 πορφυρᾶν,
1557 1370 1639 1419 καὶ
1677 1367 1737 1421 τὸ
1781 1371 2002 1438 ξυγγενὲς
2044 1369 2198 1434 ἅπαν,

371 1452 643 1503 Βανδίλων
675 1471 727 1502 τε
767 1447 878 1503 ὅσοι
922 1450 1151 1520 εὐμήκεις
1182 1472 1235 1504 τε
1273 1451 1399 1520 ἄγαν
1436 1453 1520 1505 καὶ
1547 1454 1691 1506 καλοὶ
1713 1451 1779 1506 τὰ
1804 1451 2019 1522 σώματα
2047 1450 2196 1523 ἦσαν.

370 1533 440 1597 ὥς
465 1537 520 1588 δὲ
550 1537 601 1588 ἓν
622 1541 694 1607 τῷ
722 1533 1020 1608 ἱπποδρόμῳ
1049 1541 1099 1590 Γ
1096 1538 1260 1606 ελίμερ
1287 1534 1493 1607 ἐγεγόνει
1502 1578 1519 1603 ,
1568 1540 1651 1590 καὶ
1684 1535 1772 1592 τόν
1800 1561 1853 1592 τε.
1878 1541 2094 1607 βασιλέα
2119 1542 2198 1594 ἐπὶ
2215 1554 2239 1598 1

366 1618 603 1690 βήματος
634 1618 840 1688 ὖψηλοῦ
879 1620 1171 1691 καθήμενον
1211 1619 1300 1675 τόν
1338 1644 1391 1675 τε
1431 1626 1594 1691 δῆμον
1630 1622 1716 1694 ἐφ’
1751 1621 1962 1696 ἑκάτερα
2001 1623 2200 1679 ἑστῶτα

194 1713 231 1755 Ρ
260 1712 345 1757 Ξ56
371 1705 498 1772 εἶδε,
547 1708 631 1759 καὶ
659 1703 815 1759 αὖτόν
839 1699 900 1760 οὗ
924 1702 986 1775 ἦν
1011 1713 1169 1760 κακοῦ
1198 1714 1516 1778 περισκοπῶν
1542 1707 1666 1778 ἔγνω
1681 1749 1698 1774 ,
1744 1708 1861 1763 οὕτε
1891 1710 2200 1764 ἀπέκλαυσεν

370 1791 486 1845 οὔτε
531 1790 801 1865 ἀνῴμωξεν
814 1834 831 1857 ,
877 1793 1112 1863 ἐπιλέγων
1146 1794 1202 1846 δὲ
1237 1793 1327 1846 οὐκ
1364 1790 1625 1847 ἐπαύσατο
1665 1794 1796 1847 κατὰ
1834 1795 1926 1863 τὴν
1947 1793 2198 1867 Ἐβραίων

365 1876 596 1948 γραφὴν,
639 1875 924 1947 ματαιότης
958 1871 1346 1946 ματαιοτῆτων,
1390 1878 1455 1932 τὰ
1494 1876 1660 1932 πάντα
1688 1878 1986 1949 ματαιότης.
2075 1881 2197 1951 ἀφι-

366 1961 577 2029 κόμενον
614 1963 670 2015 δὲ
709 1963 865 2016 αὐτὸν
901 1964 1031 2017 κατὰ
1056 1963 1114 2017 τὸ
1142 1964 1395 2031 βασιλέως
1413 1970 1560 2032 βῆμα
1592 1963 1685 2032 τὴν
1711 1967 2006 2036 πορφυρίδα
2033 1988 2195 2037 περιε-

365 2045 566 2114 λόντες,
610 2053 775 2117 πρηνῆ
802 2046 1021 2102 πεσόντα
1047 2054 1394 2118 προσκυνῆσαι
1417 2049 1771 2103 Ἰουστινιανόν
1798 2052 2012 2117 βασιλέα
2040 2049 2196 2120 ἠνάγ-

365 2153 546 2187 κασαν.
633 2138 786 2187 τοῦτο
827 2135 884 2187 δὲ
918 2136 1003 2188 καὶ
1041 2132 1344 2206 Βελισάριος
1381 2135 1533 2189 ἐποίει
1543 2175 1561 2201 ,
1621 2133 1708 2188 ἅτε
1749 2135 1913 2206 ἱκέτης
1947 2137 2198 2204 βασιλέως

477 2314 517 2356 1.
554 2309 834 2366 ἔμπροσθεν]
865 2309 1096 2368 ἔμπροσθε
1124 2310 1174 2353 L.
1291 2311 1396 2355 ibid.
1425 2307 1626 2369 ἐρρήθη]
1656 2307 1826 2370 ἔρῤέθη
1856 2312 1909 2356 Ρ.
2023 2312 2065 2356 6.
2094 2312 2191 2358 οἴο-

474 2371 586 2425 μαι]
616 2366 731 2427 ᾤετο
763 2370 856 2413 Lm.
974 2371 1044 2414 18.
1069 2366 1325 2427 Ἐβραίων]
1354 2368 1526 2414 Eccles.
1554 2369 1592 2424 1,
1619 2371 1661 2414 2.
2227 2382 2231 2392 ¹

363 2539 526 2596 palatio
554 2540 873 2597 compilaverat.
931 2539 983 2582 In
1021 2538 1089 2582 his
1126 2553 1232 2583 vasa
1258 2537 1511 2582 Iudaeorum
1547 2543 1697 2592 erant,
1734 2553 1844 2596 quae
1869 2538 2002 2582 Titus
2027 2541 2195 2598 Vespa-
2247 2557 2250 2568 ·

366 2597 477 2640 siani
506 2597 644 2652 filius,
698 2602 797 2653 post
825 2596 1214 2653 Hierosolymorum
1242 2597 1451 2639 excidium
1479 2598 1651 2640 Romam
1679 2611 1769 2639 cum
1811 2595 1906 2640 aliis
1935 2603 2190 2652 asportarat.
2240 2613 2249 2642 ,·=

365 2654 434 2696 Ea
463 2654 734 2709 conspicatus
763 2654 949 2697 Iudaeus
978 2654 1164 2711 quidam,
1207 2668 1329 2697 unum
1359 2669 1414 2697 ex
1443 2655 1626 2710 Augusti
1655 2653 1928 2696 familiaribus
1957 2654 2080 2707 adiit,
2107 2655 2194 2697 ita-

364 2725 447 2767 que
477 2711 661 2754 monuit=
705 2712 807 2754 Non
827 2713 1010 2768 expedit,
1045 2726 1142 2754 mea
1162 2713 1332 2767 quidem
1353 2713 1592 2765 sententia,
1625 2725 1779 2754 aurum
1807 2711 1884 2752 hoc
1913 2712 1960 2752 in
1976 2713 2192 2766 palatium

363 2769 623 2822 Byzantium
645 2770 811 2824 inferri.
868 2773 1094 2825 Nusquam
1121 2771 1232 2812 enim
1256 2770 1422 2812 servari
1441 2775 1605 2823 potest,
1649 2769 1732 2810 nisi
1752 2769 1826 2810 ubi
1841 2769 2048 2823 principio
2069 2783 2193 2824 repo·
2230 2811 2231 2816 ,

362 2827 490 2867 situm
515 2827 608 2879 suit
633 2842 663 2868 a
691 2828 918 2869 Salomone
954 2828 1211 2870 ludaeorum
1234 2840 1354 2882 rege.
1416 2827 1538 2879 Quae
1572 2839 1706 2868 causa
1735 2826 1900 2877 extitit,
1942 2840 2017 2867 cur
2040 2833 2082 2868 et
2104 2827 2192 2868 Ro-

361 2896 536 2924 manam
555 2884 655 2925 olim
681 2885 852 2940 regiam
883 2885 1126 2936 Gizericus,
1175 2890 1216 2927 et
1249 2884 1533 2927 Vandalicam
1554 2883 1677 2925 Rom.
1702 2883 1907 2925 exercitus
1923 2884 2044 2924 modo
2069 2898 2192 2937 cepe·
2228 2887 2230 2903 ³

358 2940 430 2985 rit.
488 2940 610 2982 Haec
632 2941 884 2997 Imperatori
922 2942 1167 2985 renuntiata
1193 2945 1346 2984 metum
1376 2942 1620 2992 incussere,
1647 2939 1712 2983 ita
1738 2946 1787 2982 ut
1815 2944 1946 2982 totum
1974 2939 2036 2991 id,
2065 2941 2191 2996 quid-

359 2996 464 3052 quid
494 3002 602 3048 erat,
630 2997 675 3039 in
704 2997 1091 3054 Hierosolymitana
1119 2998 1459 3041 Christianorum
1486 2997 1646 3055 templa
1673 2996 1832 3039 deferri
1860 2995 2043 3038 iusserit.
2078 2997 2192 3040 Por-

358 3067 406 3095 ro
436 3055 514 3096 hos
543 3054 781 3111 triumphus
804 3058 998 3112 captivos
1027 3056 1200 3098 habuit:
1232 3055 1487 3107 Gelimerem
1512 3051 1663 3112 ipsum,
1693 3067 1783 3096 cum
1812 3058 1933 3095 veste
1958 3067 2190 3109 purpurea,

358 3110 607 3153 circundata
650 3112 859 3162 humeris3
905 3113 1163 3169 propinquos
1192 3111 1324 3168 ipsius
1366 3126 1534 3163 omnes;
1584 3126 1608 3152 e
1636 3109 1839 3152 Vandalis
1871 3110 2189 3164 procerissimus
2224 3127 2226 3130 ·

357 3181 574 3224 quosque,
618 3173 666 3210 et
695 3170 781 3210 oris
811 3169 1021 3224 dignitate
1060 3174 1343 3226 praestantes.
1402 3169 1570 3211 Circum
1608 3167 1824 3222 ingressus
1855 3167 2068 3220 Gelimer,
2113 3168 2188 3211 ubi
2220 3187 2229 3206 v·

355 3227 591 3281 Augustum
620 3226 788 3268 sublimi
818 3225 861 3267 in
892 3227 996 3268 solio
1026 3227 1255 3276 sedentem,
1285 3231 1552 3280 stantemque
1574 3223 1670 3265 hinc
1698 3223 1798 3265 inde
1827 3224 2027 3280 populum
2057 3224 2186 3277 vidit,
2224 3258 2225 3262 ,

357 3289 402 3324 et
429 3282 607 3325 animum
635 3282 691 3324 ad
730 3296 778 3324 se
806 3284 1019 3333 referens,
1076 3295 1162 3339 quo
1190 3282 1413 3325 infortunii
1443 3281 1708 3332 devenisset,
1764 3281 1971 3332 attendit3
2017 3296 2094 3324 nec
2120 3282 2187 3324 la-

356 3339 532 3391 crimas,
574 3353 655 3381 nec
692 3339 871 3395 gemitus
911 3339 1072 3390 edidit,
1120 3346 1167 3381 at
1206 3353 1372 3395 semper
1409 3338 1455 3380 in
1497 3351 1571 3380 ore
1598 3337 1748 3380 habuit
1778 3352 1923 3379 vocem
1953 3338 2087 3389 illam,
2129 3353 2183 3381 ex
2220 3379 2224 3387 ,

356 3397 649 3440 Hebraeorum
676 3397 952 3439 monumentis
981 3396 1183 3453 petitam:
1230 3396 1411 3438 Vanitas
1432 3396 1700 3448 vanitatum,
1743 3399 1786 3437 et
1822 3395 1964 3436 omnia
1995 3396 2185 3438 vanitas.

358 3452 420 3495 Ut
447 3459 618 3496 ventum
648 3460 714 3496 est
743 3454 796 3496 ad
827 3455 1084 3497 Caesareum
1113 3451 1286 3503 solium,
1337 3458 1465 3496 exuta
1494 3466 1710 3508 purpura,
1754 3465 1887 3508 prono
1932 3452 2048 3494 vultu
2078 3466 2184 3509 pro-

359 3512 567 3566 cumbere,
599 3516 644 3555 et
664 3511 968 3555 Iustiniannum
990 3512 1100 3567 Aug.
1130 3509 1310 3554 adorare
1338 3510 1579 3567 compulsus
1598 3513 1686 3554 est:
1713 3523 1838 3567 quem
1864 3510 2066 3552 honorem
2095 3510 2183 3552 Be-
