2254 3814
314 148 432 203 302
789 149 1024 202 PHOTII
1063 148 1375 202 EPITOME
1417 149 1605 202 LIBRI
1644 149 1711 205 Π.

480 286 542 342 δ’.
624 288 977 350 Ἰουστινιανὸς
1013 287 1068 341 δὲ
1112 288 1303 355 μαθών
1344 289 1638 359 παραίνεσιν
1684 288 1825 363 αὐτῷ
1866 292 1938 344 δι’
1978 292 2130 345 Ἀνα-

311 375 521 428 στασιόυ
557 379 775 443 προσῆγε
829 373 902 440 μὴ
953 376 1344 443 παρασπονδεῖν.
1441 375 1492 427 ἐν
1535 371 1701 447 τούτῳ
1753 378 1835 428 καὶ
1880 378 2132 447 Οὗίττιγις

308 457 628 527 αἰχμάλωτος
647 457 786 526 παρὰ
810 460 1114 525 Βελισαρίου
1138 461 1206 519 εἰς
1229 454 1508 522 Βυζάντιον
1533 458 1859 530 ἀνεπέμφθη.

475 540 530 595 ε’.
617 540 861 612 Χοσρόης
883 544 938 595 δὲ
958 543 1024 595 τὰ
1040 541 1302 610 Ῥωμαίων
1327 541 1441 612 ὅρια
1476 545 1822 615 καταδραμὼν
1863 545 1956 614 τὴν
1995 540 2130 599 Σού-

310 649 410 696 ρων
437 624 583 678 πόλιν
611 624 704 679 εἷλε
717 668 734 692 ,
783 630 864 679 καὶ
886 627 1182 697 Σουρηνοῦς
1201 627 1629 696 ἠνδραποδίσατο.
1715 628 1928 700 ὕστερον
1961 632 2171 693 με’ντοι5

309 715 378 772 εἰς
405 712 677 778 δισχιλίους
703 714 787 764 καὶ
813 714 1028 782 μυριόυς
1056 712 1209 774 ὄντας
1239 712 1358 774 τοὺς
1387 710 1742 779 αἰχμαλώτους
1778 717 1920 768 δυοῖν
1944 712 2134 780 ὁμολο-

246 801 283 843 C
307 797 391 870 γία
418 798 752 865 κεντηναρίων
777 796 968 868 ἀφῆκεν
994 796 1250 873 ἅπαντας,
1294 799 1560 852 Κανδίδου
1585 803 1675 851 τοῦ
1701 797 1973 853 ἐπισκόπου
2003 805 2133 869 Σερ-

308 880 613 951 γιουπόλεως
641 883 831 935 ἐκτῖσαι
858 882 918 936 τὸ
942 883 1093 952 χρέος
1114 881 1479 950 ὑποσχομένου.
1569 880 1595 936 ὃ
1623 885 1678 936 δὲ
1701 889 1790 953 τῆς
1816 882 2134 953 ὑποσχέσεως

308 964 562 1036 ἀλογήσας
586 967 678 1035 τὴν
708 969 905 1020 δικαιάν
929 964 1276 1037 εἰσεπράττετο
1299 967 1499 1021 ἔκτισιν.
2253 978 2254 1037 ξ

480 1049 539 1114 ς’.
628 1051 873 1123 Χοσρόης
902 1054 957 1105 δὲ
983 1053 1076 1120 τὴν
1093 1051 1371 1122 ζΙεροῖπολιν
1399 1058 1680 1122 πολιορκεῖν
1704 1049 2000 1123 ἀρξάμενος,
2031 1053 2132 1106 ἐπεὶ
2150 1075 2204 1116 10
2253 1095 2254 1117 ἶ

309 1134 335 1190 ὃ
365 1139 582 1206 Βεροίας
609 1137 749 1210 αὐτῷ
778 1139 1050 1199 ἐπίσκοπος
1075 1135 1299 1207 ἀργύρου
1334 1137 1550 1204 σταθμὰ
1571 1139 1788 1205 δισχίλια
1813 1138 1980 1204 ἔθετο,
2008 1138 2133 1191 ἀπέ-

311 1243 407 1290 στη
435 1228 527 1291 τῆς
551 1224 874 1291 πολιορκίας,
923 1220 1240 1290 ὁμολογήσας
1258 1224 1340 1274 καὶ
1364 1218 1531 1290 πάσης
1557 1221 1838 1290 ἀποστῆναι
1864 1228 1955 1289 τῆς
1984 1219 2131 1294 ἑῴας,

311 1310 354 1359 εἰ
384 1308 503 1360 δέκα
519 1312 717 1376 χρυσοῦ
753 1304 1049 1376 κεντηνάρια
1077 1304 1245 1374 λάβοι.
1330 1304 1531 1375 Βούζης
1558 1307 1622 1359 ,δὲ
1649 1304 1674 1360 ὅ
1701 1313 1792 1377 τῆς
1817 1304 1946 1379 ἑῴας
1974 1327 2134 1377 στρα-

245 1394 285 1436 D
317 1393 466 1462 τηγὸς
487 1390 763 1459 ἀξιόμαχον
795 1390 979 1446 ἑαυτὸν
1017 1390 1109 1445 οὐκ
1144 1389 1372 1460 οἰόμενος
1401 1397 1475 1466 τῷ
1508 1389 1756 1464 Χοσρόῃ,
1817 1385 1914 1446 ὧδε
1940 1392 2134 1446 κάκεῖσε

308 1482 691 1549 περιεπλανᾶτο.
2150 1490 2201 1532 15

477 1559 535 1627 ζ’.
622 1558 869 1631 Χοσρόης
909 1561 965 1614 δὲ
1003 1561 1084 1614 ἐπὶ
1122 1561 1340 1633 Βέροιαν
1375 1558 1693 1633 στρατεύσας
1714 1560 1822 1634 ᾔτει
1846 1562 1938 1630 μὲν
1968 1560 2135 1614 πολλὰ

301 1645 577 1717 χρήματα,
623 1648 800 1714 λαβὼν
836 1648 891 1700 δὲ
932 1649 1152 1714 δισχίλια
1198 1647 1415 1715 σταθμὰ
1453 1645 1675 1717 ἀργύρου
1721 1647 1854 1700 ἄλλα
1902 1652 2135 1700 τοσαῦτα

307 1730 663 1804 προσεπεζήτει
692 1773 708 1798 ,
777 1732 850 1801 μὴ
898 1729 1143 1786 διδόντων
1190 1734 1247 1786 δέ
1300 1736 1522 1803 ἰσχυρῶς
1571 1730 1865 1804 ἐπολιόρκει.
1950 1737 2043 1784 τοῦ
2081 1732 2136 1783 δὲ

308 1823 453 1887 σφῶν
498 1814 770 1871 ἐπισκόπου
818 1817 1226 1887 παραγενομένου
1269 1818 1485 1887 (Μέγας
1535 1812 1597 1887 ἦν
1634 1816 1796 1886 ὄνομα
1835 1816 2008 1889 αὐτῷ)
2051 1817 2135 1868 καὶ

129 1906 165 1948 Ρ
198 1907 278 1950 173
307 1901 554 1974 Χοσρόην
581 1907 932 1974 λιπαροῦντος,
978 1901 1098 1964 τοὺς
1117 1903 1211 1971 μὲν
1233 1905 1536 1975 Βεροιαίους
1558 1908 1728 1957 κακῶν
1751 1901 1972 1964 ἀπαθεῖς
1995 1901 2205 1980 α’φ-ῆ-ΞΟ

418 2053 462 2096 3.
502 2047 782 2109 ἀνεπέμφθη
821 2052 944 2094 Bess.
1004 2047 1289 2108 ἀπεπέμφθη
1317 2051 1369 2094 P.
1515 2049 1558 2094 4.
1599 2047 1779 2102 σοῦοων
1816 2050 1893 2093 Pm
1926 2053 1970 2092 et
2011 2049 2133 2092 Bess.

419 2107 581 2164 Σύραν
611 2111 662 2153 P.
805 2111 847 2154 5.
878 2105 1184 2166 Σουρηνούς]
1217 2112 1478 2167 Σουρίνους
1505 2108 1598 2151 Pm.
1659 2108 1890 2163 Συρίνους
1919 2107 1967 2150 Ρ.
2028 2121 2136 2150 σου-

421 2165 563 2223 ρήνας
593 2167 716 2209 Bess.
833 2169 874 2210 6.
898 2167 960 2217 εἰς
989 2167 1087 2210 add.
1118 2168 1240 2209 Bess.
1344 2170 1413 2210 11.
1443 2167 1628 2224 βεροίας
1656 2167 1778 2209 Bess.
1840 2163 2062 2220 Βεῤῥοίας
2083 2165 2133 2207 Ρ.

420 2226 484 2268 Et
513 2226 577 2267 sic
605 2225 734 2266 infra.
864 2226 933 2268 17.
965 2220 1194 2279 ἀργύρου]
1237 2224 1375 2280 Vulgo
1407 2222 1645 2279 ἀργυρίου.
1775 2224 1844 2266 18.
1875 2221 2134 2277 διδόντων]

421 2279 679 2327 διδούντων
708 2282 831 2324 Bess.
963 2285 1032 2326 19.
1064 2281 1470 2340 παραγενομένου]
1498 2279 1874 2339 παραγεναμένου
1906 2280 2026 2323 Bess.

420 2410 463 2454 4.
522 2409 785 2452 Iustinianus
813 2408 920 2464 Imp.
947 2423 995 2452 re
1025 2409 1222 2465 cognita,
1253 2408 1521 2453 Anastasium
1549 2410 1732 2466 legatum
1762 2408 1874 2452 misit
1903 2408 2130 2461 hortatum,

307 2483 360 2510 ne
396 2481 546 2523 pacem
586 2467 787 2510 solveret.
846 2466 1008 2509 Eadem
1048 2472 1305 2524 tempestate
1355 2474 1399 2510 et
1442 2466 1628 2523 Vittiges
1664 2481 1690 2510 a
1732 2466 1942 2509 Belisario
1982 2473 2132 2522 captus

305 2525 719 2580 Constantinopolim
744 2528 810 2565 est
839 2525 1004 2568 missus.

419 2584 460 2626 5.
523 2583 737 2623 Chosroes
766 2581 1034 2623 nihilominus
1064 2581 1349 2624 Romanorum
1379 2582 1488 2624 fines
1516 2581 1738 2632 invadens,
1769 2579 1972 2622 Surorum
2004 2578 2131 2634 oppi-

307 2639 404 2682 dum
428 2638 576 2692 cepit‚
617 2638 884 2694 Surinosque
913 2637 956 2680 in
984 2638 1234 2681 servitutem
1264 2638 1455 2680 abduxit.
1515 2638 1604 2680 Sed
1632 2639 1802 2681 tandem
1831 2649 1909 2678 ΧΠ.
1939 2637 2131 2692 captivo-

305 2710 395 2739 rum
426 2695 552 2737 millia
581 2694 773 2736 ducentis
812 2695 908 2738 auri
946 2697 1085 2751 pondo
1116 2703 1382 2752 permutem,
1423 2696 1581 2738 liberos
1619 2708 1761 2739 omnes
1790 2693 1974 2745 dimisit,
2014 2693 2131 2735 Can-

304 2754 405 2795 dido
445 2751 710 2808 Sergiopolis
757 2752 971 2808 Episcopo
1012 2753 1234 2808 pecuniam
1280 2752 1502 2809 pollicito:
1544 2752 1621 2810 qui
1658 2767 1751 2795 cum
1791 2749 2008 2807 promissis
2046 2763 2130 2792 non

303 2815 467 2861 staret,
499 2810 553 2851 ad
582 2808 734 2850 iustam
765 2809 1083 2852 dissolutionem
1113 2810 1291 2853 adactus
1320 2815 1400 2855 est.

412 2869 459 2910 6.
519 2865 731 2907 chosroes
761 2867 858 2908 dein
890 2866 1151 2923 Hierapolim
1182 2867 1379 2910 obsidere
1408 2870 1630 2924 coeperat,
1662 2879 1755 2909 cum
1784 2864 1856 2906 ille
1886 2863 2131 2906 Berrhoeae

305 2923 550 2980 Episcopus
583 2923 722 2977 pondo
755 2923 924 2978 argenti
964 2923 1046 2964 duo
1078 2923 1207 2966 millia
1248 2923 1456 2980 promisit.
1514 2922 1655 2966 Solvit
1693 2923 1840 2978 itaque
1869 2920 2129 2963 obsidionem

305 2981 426 3031 Rex,
471 2978 687 3035 pollicitus
732 2980 786 3021 ad
824 2982 930 3022 haec
970 2981 1080 3022 omni
1109 2982 1215 3023 adeo
1254 2981 1446 3023 Orientis
1475 2982 1758 3023 Romanorum
1787 2977 1949 3019 ditione
1977 2990 2024 3019 se
2053 2991 2130 3020 ex-

307 3051 549 3088 cessurum,
580 3036 617 3077 si
647 3036 756 3078 mille
786 3036 878 3079 auri
908 3037 1049 3092 pondo
1081 3043 1270 3093 caperet.
1330 3039 1500 3080 Interea
1526 3037 1664 3078 Buzes
1693 3037 1779 3078 dux
1813 3034 2032 3086 Orientis,
2061 3035 2128 3077 vi-

307 3095 426 3137 ribus
466 3094 556 3136 suis
598 3093 796 3145 diffisus,
848 3107 940 3135 cum
993 3094 1185 3137 Chosroe
1235 3109 1432 3151 pugnare
1482 3093 1723 3135 detrectans
1743 3123 1756 3144 ,
1811 3092 1969 3134 circum
2011 3090 2129 3134 circa.

306 3153 548 3195 oberrabat.

421 3209 465 3251 7.
524 3207 642 3262 Ergo
684 3206 926 3248 Berrhooae
955 3205 1122 3248 admoto
1153 3207 1369 3258 exercitu,
1415 3207 1630 3248 Chosroes
1660 3204 1930 3262 pecuniarum
1957 3204 2126 3247 nimium

308 3272 508 3323 quantum
540 3263 794 3321 postulavit:
827 3263 1101 3318 acceptisque
1130 3264 1272 3320 pondo
1303 3264 1468 3318 argenti
1499 3263 1663 3306 duobus
1692 3263 1903 3314 millibus,
1947 3262 2125 3307 alterum

307 3330 468 3367 tantum
498 3321 668 3377 exegit:
709 3334 831 3375 quam
862 3320 963 3375 quia
999 3320 1114 3362 cives
1156 3335 1352 3362 summam
1383 3334 1463 3362 uon
1494 3321 1768 3376 pendebant,
1809 3319 1950 3362 valide
1979 3321 2125 3361 urbem

307 3385 539 3438 oppugnat.
601 3379 752 3420 Verum
783 3378 1012 3419 accedente
1047 3378 1206 3432 Magno
1236 3376 1385 3433 oppidi
1416 3377 1629 3434 Episcopo
1660 3386 1704 3420 et
1723 3379 1943 3421 Chosroen
1972 3376 2126 3432 depre—

309 3450 459 3491 cante,
502 3435 866 3480 Berrhoeensibus
905 3434 1107 3477 immunes
1135 3434 1380 3490 liberosque
1419 3434 1539 3478 abire
1567 3435 1787 3492 permisit,
1830 3448 1913 3491 quo
1942 3434 2124 3490 quisque
