2254 3814
305 163 428 219 266
1064 165 1403 225 ,PROCOPII

303 303 548 374 Ναβέδης
587 304 812 373 ἐπαφῆκε
851 310 960 365 τοῖς
998 305 1242 367 ἐναντίοις
1271 306 1331 359 τὸ
1357 309 1576 377 Περσῶν
1602 303 1908 377 στράτευμα.
1998 308 2046 361 οἷ
2075 309 2130 361 δὲ

300 387 576 458 βάλλοντες
608 391 660 442 ἐν
690 397 797 449 τοῖς
835 398 1111 452 στενωποῖς
1147 392 1199 453 ἐς
1225 394 1476 458 πολεμίων
1499 388 1741 458 πάμπολυ
1769 397 1972 461 πλῆθος
1998 397 2128 446 πολ-

303 472 424 537 λούς
447 495 498 527 τε
535 472 723 534 ἄλλους
760 472 979 536 εὐπετῶς
1004 474 1218 530 ἔκτεινον
1245 479 1327 529 καὶ
1362 474 1704 548 διαφερόντως
1726 475 1999 548 Ἐρούλους
2014 518 2032 543 ,
2081 478 2137 531 οἳ

304 561 394 624 ξὺν
419 564 491 630 τῷ
529 562 718 628 Ναρσῇ
755 558 822 610 τὰ
850 564 1031 629 πρῶτα
1063 570 1172 624 τοῖς
1206 563 1451 624 ἐναντίοις
1483 559 1804 625 ἐπιπεσόντες
1844 559 2131 633 ἀφύλακτοι

303 647 358 698 ἐκ
393 649 482 697 τοῦ
524 644 603 695 ἐπὶ
648 648 882 697 πλεῖστον
921 644 1189 715 ἐμάχοντο.
1277 646 1391 701 οὕτε
1431 647 1530 718 γὰρ
1561 645 1746 718 κράνος
1769 647 1884 701 οὕτε
1909 645 2172 717 θώρακα5

302 729 416 784 οὔτε
455 728 580 781 ἄλλο
619 750 668 782 τι
709 727 1054 799 φυλακτήριον
1077 731 1314 803 ’Έρουλοι
1353 732 1552 801 ἔχουσιν
1570 774 1586 798 ,
1625 731 1701 786 ὅτι
1727 733 1798 802 μὴ
1830 733 2021 785 ἀσπίδα
2050 734 2134 785 καὶ

232 823 269 866 Β
300 811 569 885 τριβώνιον
614 807 817 883 ἀδρὸνι,Ι
853 814 880 868 ὃ
926 817 991 885 δὴ
1022 818 1341 884 διεζωσμένοι
1380 820 1431 880 ἔς
1453 818 1542 872 τὸν
1575 817 1746 887 ἀγῶνα
1771 819 2132 871 καθίστανται.

300 903 475 953 δοῦλοι
513 899 686 967 μέντοι
711 900 947 971 ’Έρουλοι
983 905 1066 955 καὶ
1109 903 1324 966 ἀσπίδος
1365 906 1525 976 χωρὶς
1570 904 1622 966 ἒς
1656 902 1826 972 μάχην
1855 908 2135 972 χωροῦσιν,

302 985 504 1038 ἐπειδὰν
529 986 585 1038 δὲ
610 984 789 1056 ἄνδρες
815 987 867 1040 ἐν
895 988 1098 1061 πολέμῳ
1128 988 1318 1058 ἀγαθοὶ
1350 990 1621 1059 γένωνται,
1667 988 1801 1042 οὕτω
1825 988 1889 1056 δὴ
1915 986 2135 1047 ἀσπίδας

303 1070 478 1133 αὐτοῖς
503 1071 705 1140 ἐφιᾶσιν
734 1072 781 1124 οἳ
808 1070 1048 1126 δεσπόται
1074 1073 1464 1143 προβάλλεσθαι
1494 1076 1546 1128 ἐν
1568 1081 1681 1136 ταῖς
1706 1077 2000 1143 ξυμβολαῖς.
2068 1073 2133 1126 τὰ
2149 1085 2204 1127 10

302 1158 395 1225 μὲν
419 1162 520 1210 τῶν
539 1153 795 1226 Ἔροόλων
823 1155 985 1230 ταύτῃ
1009 1181 1079 1227 πη
1103 1158 1217 1227 ἕχει.

468 1239 705 1309 Ῥωμαῖοι
750 1244 806 1296 δὲ
857 1243 949 1296 οὐκ
994 1242 1271 1313 ἐνεγκόντες
1317 1243 1440 1305 τοὺς
1489 1243 1760 1311 πολεμίους
1806 1241 1905 1295 ἀνά
1949 1239 2137 1311 κράτος

307 1325 531 1389 ἅπαντες
567 1327 778 1397 ἔφευγον
794 1369 810 1392 ,
857 1327 973 1381 οὔτε
1000 1328 1155 1398 ἀλκῆς
1179 1329 1488 1397 μεμνημένοι
1509 1327 1625 1382 οἷέτε
1651 1327 1764 1380 τινὰ
1789 1330 1918 1380 αι’δῶ
1947 1327 1978 1395 ἢ
2009 1327 2134 1380 ἄλλο

305 1435 355 1466 τι
397 1414 449 1465 ἐν
487 1418 558 1484 νῷ
596 1412 797 1480 ἀγαθὸν
830 1412 1040 1481 ἔχοντες.
1123 1414 1324 1484 Πέρσαι
1346 1415 1402 1467 δὲ
1437 1413 1625 1475 αὐτοὺς
1648 1410 2016 1474 ὑποπτεύοντες
2045 1412 2137 1465 οὐκ

306 1499 358 1560 ἐς
397 1497 561 1568 φυγὴν
604 1497 942 1566 ἀναίσχυντον
978 1498 1114 1553 οὕτω
1155 1498 1476 1570 τετράφθαι,
1537 1497 1656 1552 ἀλλ’
1683 1499 1906 1566 ε’νίδραις
1931 1500 2062 1551 τισὶν
2087 1499 2137 1559 ἔς
2153 1511 2204 1554 15
2246 1510 2250 1515 ’

308 1582 497 1644 αὐτοὺς
517 1587 775 1652 χρῆσθαι,
821 1584 936 1654 ἄχρι
963 1585 1013 1646 ἔς
1038 1585 1130 1648 τὰς
1161 1586 1447 1654 δυσχωρίας
1478 1581 1747 1648 διώξαντες
1771 1581 1878 1636 εἶτα
1902 1583 2138 1653 ἀνέστρε-

279 1690 436 1739 ·φον,
486 1668 546 1721 οὗ
577 1673 864 1735 τολμῶντες
902 1672 952 1722 ἐν
982 1677 1054 1744 τῷ
1091 1669 1277 1739 ὅμαλεΐ
1305 1670 1462 1741 ὀλίγοι
1486 1670 1615 1740 πρὸς
1649 1669 1870 1732 πολλοὺς
1895 1665 2138 1737 διαμάχε-

308 1759 453 1807 σθαι.
518 1751 758 1822 Ῥωμαῖοι
787 1757 960 1823 μέντοι
972 1797 989 1821 ,
1041 1759 1123 1809 καὶ
1163 1753 1509 1827 διαφερόντως
1545 1756 1594 1809 οἳ
1626 1756 1899 1824 στρατηγοὶ
1934 1751 2135 1818 πάντες,

244 1852 280 1893 C
312 1842 480 1901 δίωξιν
509 1840 587 1891 ἐπὶ
609 1846 747 1909 σφᾶς
771 1841 843 1894 ἀεὶ
872 1848 1131 1894 ποιεῖσθαι
1157 1842 1278 1904 τοὺς
1299 1843 1568 1909 πολεμίους
1592 1838 1811 1907 οἰόμενοι
1835 1839 2042 1910 ἔφευγον
2066 1838 2137 1891 ἔτι

309 1930 538 1990 μᾶλλον,
590 1924 773 1978 οὐδένα
812 1926 1030 1988 ἀνιέντες
1060 1928 1270 1996 καιρὸν,
1329 1927 1510 1980 θέουσι
1546 1927 1638 1994 μὲν
1673 1933 1782 1987 τοῖς
1806 1927 1982 1986 ’ίπποις
2004 1925 2137 1993 ἓγκε-
2151 1937 2210 1979 20

307 2007 568 2076 λευόμενοι
603 2006 811 2080 μάστιγι
844 2014 927 2064 καὶ
961 2019 1184 2084 κραυγῇ,
1248 2012 1368 2074 τοὺς
1405 2013 1462 2064 δὲ
1491 2010 1743 2081 θώρακας
1781 2013 1864 2063 καὶ
1905 2010 1970 2063 τὰ
2009 2010 2140 2062 ἄλλα

308 2094 441 2149 ὅπλα
467 2094 763 2167 ῥιπτοῦντες
800 2100 1000 2168 σπουδῇ
1032 2119 1085 2151 τε
1114 2101 1196 2151 καὶ
1224 2095 1442 2171 θορύβῳ
1467 2097 1518 2159 ἐς
1548 2095 1755 2168 ἔδαφος.
1834 2095 1891 2149 οὗ
1923 2095 2020 2166 γὰρ
2048 2094 2139 2147 ἀν·-

425 2249 467 2290 1.
500 2243 749 2302 Ναβὲδης]
789 2244 997 2302 ναβοῖδης
1024 2247 1094 2289 Ηε
1135 2246 1238 2290 illud
1278 2248 1377 2294 Hm.
1519 2246 1624 2289 ibid.
1668 2245 1788 2300 τοῖς]
1819 2241 1924 2299 [ἓν]
1954 2247 2053 2295 τοῖς
2080 2244 2136 2287 Η.

425 2304 468 2348 7.
500 2305 840 2359 καθίστανται]
882 2306 1167 2348 καθίσταντο
1201 2305 1332 2348 AHL.
1518 2306 1584 2348 12.
1615 2300 1706 2347 α’νά
1740 2319 1908 2358 κρατος
1930 2326 1985 2333 -
2007 2301 2140 2358 ἔφευ-

421 2362 538 2417 γον]
572 2362 735 2406 Suidas
755 2376 790 2406 S.
820 2377 861 2405 v.
892 2357 983 2406 ἅναξ
1009 2362 1192 2418 κράτος.
1315 2364 1388 2409 22.
1416 2359 1687 2419 ῥιπτοῦντες
1716 2361 1767 2404 L.
1823 2360 2058 2419 ῥίπτοντες
2086 2360 2138 2402 Ρ.

311 2491 586 2544 turbatione,
627 2505 770 2534 omnes
808 2491 1036 2534 Persarum
1081 2490 1228 2548 copias
1258 2490 1464 2534 Nabedes
1500 2489 1686 2535 immisit.
1744 2489 1813 2532 Illi
1849 2488 2067 2532 maximam
2097 2493 2142 2532 et

308 2550 352 2590 in
395 2550 601 2604 angustiis
644 2548 996 2591 confertissimam
1050 2548 1358 2591 multitudinem
1404 2549 1503 2590 telis
1540 2554 1820 2604 appetentes,
1860 2561 1955 2589 cum
1996 2547 2140 2603 plures
2224 2579 2243 2603 --.·

308 2606 414 2648 alios
445 2607 528 2648 leto
559 2605 686 2648 facile
714 2607 986 2658 sternebant,
1029 2611 1117 2659 tum
1147 2604 1323 2648 maxime
1355 2605 1536 2659 Erulus,
1568 2607 1639 2662 qui
1673 2620 1767 2648 eum
1800 2604 1984 2647 Narsete
2015 2602 2141 2660 primi
2229 2610 2245 2659 ’.Ἢ

311 2664 475 2705 hostem
506 2663 727 2718 aggressi,
771 2665 933 2718 absque
977 2663 1063 2706 ullo
1104 2664 1196 2705 fere
1235 2663 1430 2720 corporis
1467 2663 1718 2706 munimento
1748 2662 2020 2719 pugnabant,
2059 2674 2138 2717 pro
2227 2688 2242 2730 5

310 2721 449 2762 veteri
479 2721 622 2776 gentis
650 2734 780 2763 more.
837 2721 949 2763 Nam
979 2735 1059 2762 nec
1088 2720 1238 2776 galea,
1268 2735 1347 2764 nec
1374 2721 1534 2772 lorica,
1566 2734 1644 2763 nec
1673 2733 1723 2763 re
1752 2719 1836 2761 alia
1866 2717 2063 2775 quapiam
2092 2730 2140 2759 se
2222 2737 2245 2788 ’ρ

310 2777 433 2818 Eruli
474 2784 733 2833 protegunt,
771 2785 1067 2834 praeterquam
1109 2783 1256 2829 scuto,
1305 2785 1349 2820 et
1386 2777 1597 2820 crassiore
1636 2777 1837 2828 lacerna,
1887 2789 1972 2830 qua
2009 2773 2139 2815 cincti

311 2833 526 2876 dimicant.
588 2836 706 2885 Quin
734 2833 827 2890 ipso
869 2835 995 2877 etiam
1037 2835 1140 2877 nudi
1179 2835 1333 2891 clypeo
1369 2835 1483 2878 servi
1515 2834 1638 2878 Eruli
1680 2835 1734 2877 ad
1774 2846 1957 2890 pugnam
1987 2846 2140 2888 proce-

311 2890 443 2933 dunt:
487 2896 637 2947 postea
664 2905 766 2933 vero
798 2906 924 2947 quam
969 2895 1086 2933 viros
1114 2893 1251 2934 sortes
1289 2892 1334 2935 in
1363 2892 1474 2934 bello
1512 2906 1560 2935 se
1601 2890 1883 2949 praestitere.
1929 2898 2014 2931 tum
2053 2886 2138 2930 illis

312 2961 429 2991 usum
460 2949 571 2990 scuti
599 2949 643 2990 in
665 2949 839 3004 praeliis
861 2949 1017 2992 domini
1046 2948 1311 3004 permittunt.
1369 2949 1444 2991 Sic
1470 2955 1553 3001 est,
1582 2948 1695 3004 quod
1717 2947 1772 2990 ad
1790 2946 1945 2987 Erulos
1968 2945 2139 2987 attinet.

428 3004 603 3046 Romani
634 3013 772 3046 autem
807 3006 952 3048 hostili
1000 3007 1160 3062 impetu
1201 3006 1356 3058 fracti,
1400 3005 1538 3048 effuse
1567 3018 1710 3047 omnes
1740 3005 1965 3058 fugerunt,
1996 3001 2140 3044 virtu-

313 3062 370 3106 tis
401 3076 451 3104 ac
475 3062 646 3118 pudoris
676 3061 829 3113 obliti,
860 3063 1116 3117 abiectaque
1145 3064 1255 3105 omni
1287 3064 1508 3120 praeclara
1536 3061 1809 3118 cogitatione.
1872 3061 2030 3102 Persae
2058 3072 2140 3100 non

315 3122 456 3174 sugam
487 3120 835 3172 inverecundam,
876 3119 953 3160 sed
983 3119 1161 3161 insidias
1189 3119 1559 3175 interpretante,ss
1593 3133 1688 3161 cum
1716 3118 1812 3160 illos
1842 3118 1896 3159 ad
1927 3123 2139 3159 extremas

311 3178 499 3220 salebras
527 3176 709 3218 insecuti
739 3183 907 3228 essent,
936 3175 1046 3217 viam
1076 3183 1403 3228 converterunt,
1441 3189 1525 3219 non
1553 3175 1645 3218 ausi
1675 3181 1824 3218 contra
1852 3174 2002 3216 multos
2031 3187 2139 3230 pau-

312 3235 351 3276 ci
382 3235 426 3275 in
458 3234 580 3290 plano
611 3233 857 3287 confligere.
917 3231 1205 3275 Nihilosecius
1236 3232 1430 3283 Romani,
1460 3233 1504 3274 in
1534 3231 1680 3289 primis
1705 3232 1834 3274 duces
1865 3244 2022 3282 omnes,
2052 3229 2138 3272 rati

313 3307 362 3334 se
392 3306 528 3346 usque
558 3291 612 3333 ab
646 3291 769 3332 hoste
799 3289 958 3346 premi,
987 3290 1081 3331 sine
1110 3289 1460 3346 interspiratione
1488 3289 1666 3345 gradum
1695 3289 1936 3343 addebant,
1964 3286 2137 3342 flagello

315 3355 360 3391 et
389 3349 571 3390 clamore
599 3347 857 3403 increpando
887 3353 1108 3389 currentes
1137 3360 1299 3400 equos,
1338 3346 1492 3389 loricas
1521 3353 1778 3403 caeteraque
1807 3359 1926 3389 arma
1953 3357 2138 3402 propere

316 3421 366 3449 ac
394 3405 648 3448 tumultuose
689 3403 968 3460 proiiciendo.
1028 3403 1184 3458 Neque
1222 3403 1360 3454 enim,
1400 3405 1438 3446 si
1465 3403 1583 3460 ipsos
1612 3404 1770 3446 Persae
1799 3407 2138 3459 assequerentur,

318 3477 444 3521 pares
471 3463 556 3506 illis
584 3463 679 3506 fore
707 3475 755 3505 se
785 3460 1078 3504 confidebant:
1106 3465 1154 3504 at
1182 3473 1300 3519 spem
1329 3460 1479 3505 salutis
1510 3461 1724 3505 habebant
1751 3466 1914 3505 tantum
1941 3458 1985 3501 in
2014 3457 2137 3516 pedi-

2215 3141 2254 3814 ωὴ,»;ᾲ*ςεμωψ
2218 2876 2254 3127 nffififw
2225 2812 2247 2836 εὶ
2224 2779 2226 2781 ’
