2254 3814
345 164 467 222 292
913 217 915 219 ,
957 225 961 229 ζ
1082 162 1418 218 PROCOPII

345 302 373 361 ὅ
398 326 452 360 τε
475 300 636 375 ταύτῃ
660 301 927 374 περίβολος
956 301 1114 365 εὐθὺς
1138 300 1324 358 ἔπεσεν.
1399 301 1532 357 ἀλλὰ
1560 300 1742 374 ξυνέβη
1767 298 1954 358 τούτου
1982 304 2047 373 δὴ
2073 309 2166 358 τοῦ

340 387 511 461 χώρου
550 389 691 450 ε’ντός
726 387 913 456 οἴκημα
953 386 1076 441 εἶναι
1109 387 1255 441 οὗδέν
1291 392 1383 440 τοῦ
1412 386 1686 461 περιβόλου
1715 389 2003 458 διεστηκὸς,
2049 389 2076 442 ὃ
2102 389 2168 456 δὴ

345 477 574 538 ἐξικνεῖτο
604 473 655 535 ἐς
681 472 740 525 τὸ
766 473 1028 535 πεπτωκὸς
1058 473 1236 543 ἐφεξῆς
1261 470 1397 528 ὅλον.
1486 476 1570 527 καὶ
1594 474 1706 527 ἀντὶ
1735 479 1828 526 τοῦ
1852 475 2047 541 τείχους
2072 496 2169 527 πο-

341 558 719 628 λιορκουμένοις
752 554 1017 626 γενόμενον
1053 559 1105 609 ἒν
1148 563 1221 630 τῷ
1261 557 1483 628 ἀσφαλεῖ
1517 558 1664 612 οὐδέν
1705 579 1752 611 τι
1792 552 1953 627 ’ἧσσον
1982 558 2171 619 αὐτοὺς

344 643 584 710 καθίστη.
672 640 794 712 ὅπερ
830 639 1112 709 Ῥωμαίους
1149 640 1458 712 ξυνταράξαι
1495 643 1698 711 οὐδαμῆ
1735 642 1892 711 ἴσχεν.
1979 637 2034 695 εὖ
2072 642 2210 714 γὰρὸ

349 724 536 788 εἰδότες
574 722 643 787 ὥς
680 725 806 779 αὐτὸ
842 726 907 796 δὴ
936 733 1089 780 τοῦτο
1126 725 1444 796 ἐργαζόμενοι
1468 725 1684 798 ἑτέρωθι
1711 729 1803 795 τὴν
1831 726 1978 780 πόλιν
2003 727 2172 800 ῥᾷστα

286 815 324 857 Β
355 808 651 882 αἱρήσουσιν
677 811 927 873 εὐέλπιδες
948 816 1121 885 πολλῷ
1155 811 1226 864 ἔτι
1257 818 1454 879 μᾶλλον
1477 812 1718 882 ἐγένοντο.
1809 813 1887 865 διὸ
1915 812 1977 880 δὴ
2007 815 2174 881 Λαγι-

346 902 535 958 σθαΐος
558 901 764 964 βασιλεῖ
783 897 875 964 μὲν
910 897 975 950 τὰ
1003 897 1362 965 ξυνενεχθέντα
1397 895 1580 966 ἐδήλου
1595 939 1612 963 ,
1657 892 1802 951 ἆθλα
1831 897 1890 949 δέ
1910 897 1957 949 οἳ
1983 903 2076 965 τῆς
2097 898 2173 950 νί-

343 1003 438 1051 κης
462 981 514 1034 ἒν
541 987 837 1052 παρασκευῇ
863 979 987 1034 εἶναι
1019 982 1368 1052 προῦτείνετο,
1417 981 1649 1052 σημήνας
1688 981 1826 1044 ὅσοις
1854 982 1918 1050 δὴ
1941 979 2098 1034 αὐτόν
2119 1002 2174 1034 τε

344 1068 428 1120 καὶ
452 1065 542 1119 τὸν
563 1065 785 1136 ἀδελφὸν
826 1066 916 1120 τὸν
952 1066 1112 1120 αὐτοῦ
1144 1072 1274 1136 χρῆν
1300 1068 1515 1135 βασιλέα
1551 1064 1920 1137 δωρήσασθαι·
1966 1067 2175 1137 Πέτραν
2190 1079 2245 1121 lc.

344 1151 442 1222 γὰρ
472 1147 698 1220 αἱρήσειν
722 1151 781 1204 οὗ
821 1156 993 1223 πολλῷ
1031 1150 1260 1222 ὕστερον.
1345 1153 1547 1222 Πέρσαι
1575 1153 1668 1220 μὲν
1694 1147 1785 1205 οὖν
1804 1150 2086 1218 Ῥωμαίους
2115 1172 2173 1204 τε

345 1238 431 1289 καὶ
462 1233 690 1300 Τζάνους
714 1233 1078 1305 καρτερώτατα
1112 1241 1541 1303 τειχομαχοῦντας
1575 1239 1717 1306 παρὰ
1744 1234 1900 1299 δόξαν
1925 1234 2176 1307 ὑφίσταν-

346 1342 406 1374 το
424 1361 442 1386 ,
489 1322 666 1390 καίπερ
696 1320 854 1389 ὀλίγοι
879 1320 1287 1388 ἀπολελειμμένοι
1311 1320 1362 1383 ἔς
1386 1319 1530 1391 ἄγαν.
1604 1322 1706 1374 ἐπεὶ
1734 1322 1789 1374 δὲ
1807 1319 2046 1389 Ῥωμαῖοι
2073 1342 2176 1374 τει-

341 1410 692 1473 χομαχοῦντες
737 1404 883 1458 οὐδέν
922 1404 1107 1471 ἤνυον,
1154 1405 1235 1458 ἐπὶ
1268 1405 1327 1459 τὸ
1364 1403 1648 1476 διορύσσειν
1685 1400 1842 1468 αὖθις
1877 1403 2174 1476 ἐτράποντο.

285 1505 323 1547 c
354 1489 405 1552 ἔς
428 1487 582 1543 τόσον
607 1511 661 1543 τε
686 1495 779 1542 τοῦ
814 1488 962 1559 ἔργου
996 1487 1182 1544 τούτου
1223 1489 1498 1562 ἀφίκοντο,
1548 1489 1616 1552 ὥς
1635 1491 1813 1560 μηκέτι
1837 1490 1919 1544 ἔπ’
1953 1490 2179 1562 ἐδάφους
2193 1497 2246 1543 1⁵

345 1575 412 1628 τὰ
432 1579 526 1627 τοῦ
555 1572 828 1644 περιβόλου
861 1575 1077 1643 θεμέλια
1112 1573 1236 1629 εἶναι
1251 1616 1267 1642 ,
1308 1575 1428 1629 ἀλλ’
1467 1578 1546 1629 ἐπὶ
1571 1582 1716 1630 κενοῦ
1740 1578 1794 1629 ἐκ
1815 1581 1907 1630 τοῦ
1934 1577 2012 1629 ἐπὶ
2040 1581 2180 1629 πλεῖ-

265 1683 278 1698 ⁴
347 1679 471 1713 στον
500 1657 737 1725 ἑστάναι,
783 1658 1099 1727 πεσούμενα,
1147 1658 1300 1722 (ὗς-τὸ
1325 1661 1488 1743 εἷκρς,
1536 1662 1718 1716 αὐτίκα
1756 1661 1820 1730 δὴ
1849 1659 2006 1729 μάλα.
2095 1664 2180 1714 καὶ

348 1747 393 1797 εἲ
413 1745 505 1812 μὲν
531 1747 861 1815 Δαγισθαῖος
883 1742 1042 1808 εὐθυς
1066 1745 1219 1813 ἤθελε
1249 1752 1352 1818 πῦρ
1376 1757 1485 1810 τοῖς
1506 1749 1761 1815 θεμελίοις
1785 1745 1990 1814 svamm,
2037 1744 2180 1814 οἶμαι

348 1828 616 1899 εὖθυωρὸν
644 1831 787 1899 σφίσι
815 1830 908 1896 τὴν
932 1828 1076 1883 πόλιν
1102 1829 1294 1886 ἁλῶναι
1311 1848 1324 1861 ·
1367 1837 1459 1885 νῦν
1482 1833 1538 1886 δὲ
1561 1832 1654 1894 τὰς
1678 1833 1731 1884 ἔκ
1754 1832 2006 1899 βασιλέως
2017 1854 2181 1902 καρα-

350 1916 515 1966 δοκῶν
539 1915 745 1974 ἐλπίδας
774 1914 973 1980 μέλλων
997 1936 1050 1966 τε
1081 1914 1156 1966 ἀεὶ
1187 1918 1271 1967 καὶ
1294 1918 1484 1986 τρίβων
1509 1917 1598 1971 τὸν
1616 1914 1804 1987 χρόνον
1828 1915 1993 1985 ἡσυχῆ
2021 1917 2179 1985 ἔμενε.

348 2003 515 2051 ταῦτα
551 1999 644 2066 μὲν
671 1993 760 2050 οἷν
795 1999 846 2050 ἓν
870 2004 942 2069 τῷ
967 1996 1230 2066 Ῥωμαίων
1271 2002 1601 2073 στρατοπέδῳ
1634 1998 1913 2071 ἐπράσσετο
1943 2005 2079 2072 τῇδε.

171 2079 213 2122 V
240 2077 328 2123 336
523 2081 587 2137 λ’.
676 2081 988 2151 Μερμερόης
1026 2084 1109 2149 δὲ,
1167 2085 1269 2136 ἐπεὶ
1307 2085 1428 2147 τοὺς
1455 2085 1681 2156 Ἰβηρίας
1721 2084 1875 2157 ὅρους
1925 2089 2075 2141 παντὶ
2107 2092 2182 2161 τῷ
2214 2153 2231 2167 ·

275 2164 317 2207 D
354 2165 562 2244 Μῇδων
591 2172 796 2241 στρατῷ
822 2166 1036 2236 ἤμειψε,
1082 2166 1261 2239 πρόσω
1286 2166 1457 2241 ἐχώρει
1467 2209 1487 2236 ,
1543 2170 1777 2239 ποταμὸν
1812 2176 1979 2225 Φᾶσιν
2010 2173 2063 2225 ἐν
2098 2175 2182 2226 δε-

466 2304 536 2348 13.
559 2299 718 2360 ὀλίγοι]
744 2303 791 2349 οἱ
813 2301 941 2361 λόγοι
953 2303 1011 2347 Η.
1069 2304 1140 2349 22.
1164 2300 1278 2359 ἐπεὶ]
1305 2300 1381 2349 ἐπὶ
1396 2304 1450 2347 Η.
1507 2306 1579 2352 23.
1596 2301 1782 2363 ἤμειψε]
1798 2305 1856 2350 ἴσ.
1871 2303 2181 2363 α’μείψαςΗιιι.

353 2420 522 2469 fuerat,
570 2418 714 2461 statim
756 2417 934 2461 corruit.
992 2418 1052 2460 At
1091 2417 1266 2472 domus,
1311 2433 1425 2475 quae
1450 2417 1567 2462 intus
1594 2423 1690 2463 erat
1716 2421 1794 2463 sub
1823 2420 2070 2473 moenibus,
2100 2419 2182 2464 toti

354 2475 531 2533 penitus
579 2475 728 2518 ruinae
765 2476 990 2525 sumenda,
1031 2488 1083 2516 ac
1123 2475 1231 2517 muri
1271 2475 1408 2518 vicem
1452 2477 1638 2518 obsessis
1666 2484 1911 2533 praestans,
1944 2491 2017 2520 eos
2050 2478 2180 2522 nihilo

352 2534 490 2575 minus
519 2533 755 2574 tutabatur.
817 2531 944 2583 Quod
974 2532 1184 2574 Romanos
1213 2532 1319 2576 adeo
1349 2547 1431 2575 non
1459 2534 1664 2586 turbavit,
1696 2541 1745 2576 ut
1772 2548 1848 2590 spe
1876 2534 2040 2578 meliori
2069 2550 2184 2578 com·

353 2587 566 2645 pleverit‚
597 2591 729 2643 probe
754 2589 966 2639 scientes,
997 2589 1035 2630 si
1064 2589 1107 2630 id
1138 2589 1273 2646 ipsum
1303 2589 1406 2632 alibi
1434 2590 1692 2642 molirentur,
1720 2604 1769 2634 se
1795 2591 1997 2634 facillime
2028 2598 2183 2659 captu-

355 2658 428 2688 ros
468 2645 628 2686 urbem.
686 2646 966 2701 Quapropter
1003 2644 1286 2701 Dagisthaeus
1323 2661 1410 2702 quo
1450 2661 1538 2690 rem
1571 2647 1818 2690 deduxisset
1844 2648 2098 2706 Imperatorl
2123 2649 2184 2691 si·
2223 2699 2226 2701 ¹

356 2702 609 2757 gnificavit,
642 2716 694 2744 ac
722 2703 804 2744 sibi
836 2709 884 2744 ut
912 2703 1125 2745 victoriae
1154 2703 1385 2758 praemium
1411 2711 1638 2760 pararetur
1668 2706 1878 2762 poposcit,
1910 2719 2036 2747 ausus
2065 2706 2183 2748 scili-

358 2764 429 2800 cet
458 2757 677 2809 indicare,
720 2760 873 2815 quibus
913 2772 961 2801 se
1003 2760 1268 2815 fratremque
1305 2774 1424 2802 suum
1465 2762 1610 2804 ornari
1638 2763 1692 2804 ab
1723 2764 1914 2818 Augusto
1940 2763 2182 2806 muneribus
2224 2811 2226 2815 ,

359 2828 541 2870 aequum
580 2820 717 2865 esset,
758 2815 928 2858 Petram
969 2816 1216 2872 propediem
1247 2822 1510 2873 recepturos.
1569 2819 1796 2862 Caeterum
1829 2820 1988 2861 Persae
2015 2819 2182 2862 validas
2224 2863 2227 2867 ,

358 2872 643 2914 Romanorum
683 2873 1010 2928 Tzanorumque
1049 2872 1348 2928 impressiones
1386 2881 1560 2931 praeter
1613 2875 1849 2932 opinionem
1899 2875 2182 2931 sustinebant,

360 2928 552 2983 quamvis
583 2942 783 2984 perquam
812 2929 939 2984 pauci
967 2934 1194 2972 restarent.
1253 2931 1461 2973 Videntes
1487 2931 1664 2974 Romani
1693 2933 1855 2975 frustra
1896 2947 1922 2975 a
1950 2946 1997 2975 se
2026 2935 2183 2977 verbe·
2216 2950 2226 2987 j

359 2984 449 3027 rari
479 2985 668 3036 moenia,
711 2985 846 3026 denuo
881 2999 928 3026 se
957 2986 1011 3027 ad
1052 2986 1266 3029 cuniculos
1306 2994 1572 3030 convertunt.
1632 2989 1758 3039 Quod
1787 3002 1893 3044 opus
1933 3003 1983 3031 eo
2013 3004 2184 3046 promo·
2216 3023 2217 3026 ,

362 3046 539 3092 verunt,
578 3046 626 3084 ut
656 3055 739 3083 non
769 3041 858 3083 solo
890 3042 1123 3084 insiderent
1151 3043 1422 3087 fundamento
1450 3045 1583 3096 muri,
1623 3045 1699 3086 sed
1731 3059 1828 3101 pars
1858 3060 2000 3089 eorum
2030 3043 2182 3103 magna

363 3112 494 3156 super
522 3098 638 3140 inani
676 3103 840 3149 staret,
879 3098 1066 3150 iamiam,
1113 3105 1163 3141 ut
1204 3113 1306 3142 vero
1349 3101 1580 3156 proximum
1609 3101 1867 3155 videbatur,
1898 3117 2060 3147 casura.
2119 3108 2181 3150 Ac
2201 3110 2222 3134 -’

363 3155 402 3198 si
441 3155 727 3210 Dagisthaeus
767 3154 907 3210 ignem
955 3155 1096 3197 statim
1137 3156 1352 3198 subiicere
1402 3157 1632 3209 voluisset,
1674 3164 1879 3202 momento
1921 3161 2050 3213 urbs,
2089 3175 2182 3204 mea
2211 3165 2221 3209 ,’

365 3211 534 3268 quidem
563 3211 797 3261 sententia,
825 3211 871 3253 in
901 3210 1179 3254 Romanorum
1211 3217 1463 3269 potestatem
1494 3215 1692 3259 venisset.
1754 3217 1882 3259 Nunc
1918 3225 2058 3260 autem
2087 3217 2231 3267 avi-‘25

366 3270 422 3312 de
451 3269 551 3326 quid
581 3269 673 3326 spei
713 3268 796 3309 sibi
824 3268 878 3310 ab
919 3270 1109 3322 Augusto
1140 3268 1370 3312 offerretur
1410 3277 1663 3327 expectans,
1703 3272 1900 3330 diemque
1924 3289 1977 3316 ex
2003 3275 2072 3318 die
2101 3275 2181 3318 du·
2206 3270 2222 3293 ''‘

367 3340 494 3379 cens,
524 3340 576 3369 ac
605 3335 751 3367 terens
777 3329 969 3381 tempus,
999 3325 1206 3368 cessabat.
1266 3327 1386 3368 Haec
1421 3328 1466 3369 in
1495 3329 1650 3371 castris
1678 3329 1974 3373 Romanorum.

482 3385 555 3429 30.
609 3385 667 3426 At
703 3382 965 3425 Mermeroes
1006 3381 1174 3424 Iberiae
1210 3381 1317 3425 fines
1345 3390 1666 3439 transgressus,
1708 3401 1837 3444 porro
1867 3402 1959 3430 cum
1989 3389 2179 3432 exercitu
2211 3382 2215 3389 ’

369 3441 568 3486 universo
607 3439 842 3500 pergebat,
881 3438 1054 3485 fluvium
1097 3437 1258 3484 Phasin
1286 3454 1314 3485 a.
1341 3440 1495 3485 dextra
1521 3442 1695 3488 habens.
1747 3444 1937 3490 Nolebat
1965 3446 2072 3490 enim
2102 3458 2183 3503 per
