2254 3814
342 123 463 179 392
1092 120 1427 174 PROCOPH

343 262 394 326 ἔς
419 260 652 333 ἁρπαγὴν
675 260 982 332 τραπέσθαι.
1069 257 1233 332 ταύτῃ
1264 264 1328 332 τῇ
1350 258 1516 334 ἡμέρᾳ
1543 259 1597 312 αἶ
1621 264 1762 330 νῆες,
1810 259 1958 329 εὔρου
1991 261 2163 331 σφίσιν

279 353 317 395 C
347 347 534 418 ἀνέμου
561 345 916 412 ἐπιπεσόντος,
965 347 1015 408 ἔς
1044 346 1136 415 τὴν
1163 345 1324 416 ἄκραν
1350 346 1612 416 ἀφίκοντο.
1702 347 1783 398 καὶ
1811 346 1860 398 οἱ
1885 344 2163 415 Καρχηδό-

343 455 439 486 νιοι
453 473 469 498 ,
512 431 612 500 ἤδη
634 431 732 500 γὰρ
770 431 930 493 αὖτοὶς
956 429 1269 501 καθεώρων,
1316 430 1411 493 τὰς
1438 433 1653 498 σιδηρᾶς
1684 427 1884 491 ἁλύσεις
1907 436 1998 482 τοῦ
2026 430 2164 497 λιμέ-

342 538 458 581 νος,
514 515 573 569 ὃν
614 516 678 584 δὴ
717 514 1059 586 Μανδράκιον
1098 521 1368 578 καλοῦσιν,
1429 513 1730 586 ἀφελόμενοι
1755 555 1772 580 ,
1833 515 2057 583 εἴσιτητὰ
2092 519 2165 587 τῷ

342 600 509 672 στόλῳ
543 599 760 653 ἐποίουν.
849 600 955 654 ἔστι
996 602 1051 654 δὲ
1094 602 1146 654 ἓν
1184 606 1249 671 τῇ
1282 601 1531 668 βασιλέως
1569 594 1701 671 α’ὗλῇ
1740 599 1926 668 οἴκημα
1953 598 2205 661 σκότουςό

343 683 626 751 ἀνάπλεων,
671 685 698 739 ὃ
725 686 789 754 δὴ
807 685 1031 756 Ἀγκῶνα
1059 691 1270 741 καλοῦσι
1297 682 1665 755 Καρχηδόνιοι,
1714 684 1843 738 ἔνθα
1870 683 2169 751 ἐνεβάλλον-

340 792 399 824 το
427 769 646 832 ἅπαντες
685 767 760 833 οἷς
791 770 853 823 ἂν
875 773 1171 839 χαλεπαίνοι
1196 769 1221 824 ὅ
1258 768 1523 841 τύραννος.
1609 772 1840 823 ἐνταῦθα
1865 770 2171 840 καθειργμέ-

340 877 417 908 νοι
452 853 724 924 ἐτύγχανον
757 859 935 909 πολλοὶ
972 863 1073 910 τῶν
1121 854 1260 929 ἑῴων
1293 853 1528 926 ἐμπόρων
1561 857 1613 918 ἐς
1647 854 1800 908 ἐκεῖνο
1836 860 1928 908 τοῦ
1960 853 2167 925 χρόνου.

340 939 541 1002 τούτοις
572 941 669 1012 γὰρ
699 941 761 1010 δὴ
795 939 1057 1012 ὃΓελίμερ
1091 947 1326 1010 χαλεπῶς
1354 939 1508 1009 εἶχεν,
1557 942 1805 994 ἐπικαλῶν
1844 937 1913 1001 ὥς
1938 940 1999 1008 δὴ
2026 940 2172 992 αὐτοὶ

339 1026 556 1093 βασιλέα
582 1028 634 1087 ἐς
656 1026 746 1079 τὸν
770 1024 990 1093 πόλεμον
1014 1024 1316 1096 ἐναγάγοιεν,
1350 1023 1557 1093 ἔμελλόν
1583 1047 1637 1078 τε
1660 1028 2016 1096 διαφθαρῆναι
2040 1022 2170 1076 ποίν-
2189 1039 2246 1079 10

272 1117 311 1160 D
342 1132 453 1177 τες,
501 1109 657 1174 δόξαν
683 1117 838 1165 τοῦτο
873 1118 946 1185 τῷ
977 1116 1028 1164 Γ
1024 1114 1210 1182 ελίμερι
1243 1112 1403 1182 ἐκείνῃ
1439 1117 1504 1181 τῇ
1527 1108 1691 1183 ἡμέρᾳ
1707 1150 1724 1175 ,
1768 1103 1801 1180 ᾗ
1831 1107 2094 1177 Ἀμμάτας
2121 1111 2173 1162 ἐν

339 1196 548 1269 Δεκίμῳ
595 1195 850 1249 ἀπέθανε·
907 1196 1048 1267 παρὰ
1094 1201 1345 1250 τοσοῦτον
1373 1193 1609 1248 κινδύνου
1646 1190 1828 1263 ἦλθον.
1915 1192 2102 1247 τούτου
2145 1191 2172 1247 ὃ

342 1279 673 1352 δεσμοφύλαξ
697 1287 790 1335 τοῦ
817 1283 1199 1351 δεσμωτηρίου,
1242 1280 1347 1334 ἐπεὶ
1384 1276 1449 1333 τά
1481 1301 1535 1333 τε
1560 1281 1613 1333 ἐν
1636 1281 1847 1352 Δεκίμῳ
1873 1280 2174 1350 πραχθέντα

340 1365 529 1434 ἤκουσε
559 1368 643 1418 καὶ
670 1366 759 1419 τὸν
794 1364 978 1420 στόλον
1009 1365 1106 1419 εἶδε
1143 1372 1235 1435 τῆς
1258 1366 1420 1435 ἄκρας
1446 1365 1615 1431 ἐντὸς,
1671 1364 1900 1418 ἐσελθών
1937 1366 1988 1427 ἐς
2009 1365 2068 1418 τὸ
2097 1365 2173 1417 οἷ’-

342 1473 482 1519 κημα
514 1448 832 1505 πυνθάνεται
870 1457 973 1505 τῶν
1012 1451 1248 1522 ἀνδρῶν,
1295 1450 1437 1504 οὔπω
1472 1450 1651 1520 ἀγαθοὶ
1673 1449 2019 1517 πεπυσμένων,
2047 1449 2166 1503 ἀλλ’
2189 1461 2250 1510 152

341 1537 393 1589 ἔν
427 1530 500 1609 τῷ
539 1533 705 1609 σκότῳ
740 1537 1049 1605 καθημένων
1084 1539 1167 1591 καὶ
1202 1533 1627 1607 καραδοκούντων
1674 1534 1763 1589 τὸν
1805 1533 2069 1601 θάνατον,
2126 1536 2180 1589 τί
2248 1527 2250 1529 ’

339 1643 461 1674 ποτε
490 1620 592 1692 ἄρα
616 1623 949 1690 βουλομένοις
989 1621 1052 1675 ἂν
1075 1622 1249 1684 αὐτοῖς
1277 1622 1354 1690 εἴη
1391 1627 1495 1677 τῶν
1527 1617 1865 1690 ὖπαρχόντων
1884 1621 2177 1691 προεμένοις

340 1711 625 1762 σεσῶσθαι.
676 1713 779 1761 τῶν
805 1709 860 1760 δὲ
889 1706 1095 1762 ἅπαντα
1121 1707 1435 1779 αἱρουμένων
1463 1703 1660 1760 διδόναι
1684 1705 1718 1759 ἃ
1741 1704 2001 1773 βούλοιτο,
2048 1705 2175 1760 ἄλλο

337 1793 431 1860 μὲν
458 1791 604 1845 οὐδὲν
633 1791 743 1864 ᾔτει
769 1798 872 1846 τῶν
895 1791 1102 1847 πάντων
1123 1791 1433 1863 χρημάτων,
1480 1791 1624 1860 ἠξίου
1654 1792 1710 1844 δὲ
1750 1789 1981 1852 ἅπαντας
2017 1788 2176 1859 ὀμνύ-

164 1887 200 1930 Ρ
231 1886 317 1935 224
347 1899 429 1930 ναι
453 1875 540 1943 ὥς,
588 1876 651 1946 ἢν
680 1875 991 1948 διαφύγοιεν,
1020 1881 1106 1932 καὶ
1134 1879 1275 1950 αὐτῷ
1307 1879 1359 1931 ἓν
1387 1875 1638 1938 κινδύνοις
1654 1877 1966 1950 γενησομένῳ
1993 1871 2254 1945 ξυλλή-Ξσῖ

341 1977 532 2030 ψονται
567 1960 662 2031 ὅση
699 1960 931 2029 δύναμις.
1021 1964 1071 2017 οἳ
1103 1965 1195 2030 μὲν
1239 1957 1330 2016 οὖν
1371 1960 1503 2014 κατὰ
1537 1967 1705 2014 ταῦτα
1747 1962 1967 2015 ἐποίουν.
2057 1959 2083 2015 ὃ
2122 1963 2178 2015 δὲ

341 2046 432 2101 τόν
456 2068 510 2101 τε
546 2045 695 2117 λόγον
732 2046 935 2101 ἅπαντα
976 2046 1160 2120 ἔφραζε
1201 2050 1287 2102 καὶ
1324 2049 1512 2102 σανίδα
1537 2047 1591 2100 ἐκ
1621 2051 1713 2100 τοῦ
1747 2047 1875 2118 πρὸς
1899 2044 2177 2100 θάλασσαν

453 2198 498 2242 4.
525 2195 853 2253 Μανδράκιον]
882 2196 1142 2254 μοιδροὶκιον
1171 2198 1229 2240 Η.
1345 2199 1388 2242 6.
1417 2193 1660 2242 ἀνάπλεων
1689 2194 1846 2239 Suidas
1871 2210 1907 2239 S.
1936 2210 1977 2239 v-
2010 2194 2178 2252 ἀγκών.

458 2256 600 2313 Vulgo
633 2255 882 2300 ἀνάπλεον.
970 2258 1073 2299 ibid.
1101 2253 1325 2311 Ἀγκῶνα]
1360 2251 1571 2311 ἀγκῶνας
1598 2254 1768 2298 Suidas.
1859 2255 1963 2297 ibid.
1998 2253 2178 2312 ἐνεβάλ-

455 2315 592 2357 λοντο
624 2312 795 2355 S‘uidas.
862 2313 998 2368 Vulgo
1029 2313 1313 2371 ἐνεβάλοντο.
1432 2314 1473 2357 8.
1503 2311 1689 2368 χρόνον]
1720 2313 1886 2367 καιροῦ
1916 2313 2059 2368 posuit
2079 2312 2180 2354 Sui·
2231 2323 2233 2325 ’

455 2371 535 2413 das
556 2370 626 2413 ubi
643 2372 752 2412 haec
775 2371 864 2412 suis
890 2370 1034 2413 verbis
1059 2371 1216 2416 reddit.
1310 2373 1354 2417 9.
1384 2369 1599 2427 τούτοις]
1630 2369 1830 2423 τούτους
1860 2369 1924 2413 H:
1952 2369 2057 2413 illud
2078 2370 2176 2413 Hm.

459 2431 529 2473 11.
559 2428 727 2487 τοῦτο]
760 2426 911 2486 τούτῳ
940 2428 1034 2476 HL,

341 2553 522 2597 centiam
551 2569 635 2598 nox
666 2557 906 2612 praeberet,
940 2556 1079 2614 ipsum
1105 2555 1308 2612 tegendo.
1367 2555 1436 2599 Ea
1463 2556 1536 2600 die
1573 2570 1704 2601 naves
1733 2556 1919 2600 secundo
1948 2569 2053 2599 euro
2078 2570 2182 2612 pro·
2250 2559 2254 2562 ”

342 2611 591 2654 montorium
621 2616 823 2668 attigere.
882 2615 971 2657 Ubi
1001 2615 1096 2658 illas
1126 2628 1390 2671 prospexere
1418 2614 1825 2670 Carthaginienses,
1851 2619 2024 2670 portus,
2057 2627 2179 2669 quem
2252 2659 2254 2662 ,

341 2668 637 2711 Mandracium
670 2677 851 2723 vocant,
882 2672 1062 2715 sublatis
1094 2672 1258 2714 catenis
1287 2670 1466 2724 ferreis,
1514 2671 1639 2714 classi
1667 2677 1892 2728 receptum
1921 2671 2178 2713 offerebant.
2243 2678 2254 2709 l*

342 2725 424 2766 Est
451 2725 496 2766 in
526 2726 665 2782 Regia
693 2729 1007 2772 tenebricosum
1039 2729 1300 2785 ergastulum
1345 2729 1594 2782 (Anconem
1625 2729 2006 2783 Carthaginienses
2029 2728 2181 2795 appel-
2242 2726 2254 2822 ’ξ

341 2781 464 2836 lant)
506 2797 590 2837 quo
621 2790 831 2838 tyrannus
860 2786 946 2829 sibi
986 2786 1168 2830 invisum
1199 2799 1407 2841 quemque
1436 2787 1752 2842 compingebat.
1810 2787 1875 2828 lbi
1905 2785 2025 2827 multi
2054 2784 2181 2826 insti-
2241 2838 2245 2842 Α

340 2843 458 2881 tores
489 2840 736 2884 Orientales
765 2848 866 2885 tunc
890 2842 1095 2900 temporis
1117 2843 1434 2894 attinebantur,
1465 2843 1630 2889 offenso
1654 2844 1761 2900 ipsis
1784 2842 2017 2893 Gelimere,
2047 2841 2177 2897 quod,
2236 2845 2254 2893 ’ἢ

342 2901 389 2941 ut
433 2895 605 2949 aiebat,
650 2898 969 2954 Imperatorem.
995 2901 1050 2943 ad
1092 2900 1245 2943 bellum
1274 2899 1557 2942 induxissent.
1618 2901 1865 2944 Extremum
1897 2899 1982 2940 illis
2011 2899 2180 2954 suppli-
2240 2910 2254 2942 “3

341 2952 452 2994 cium
490 2953 788 3009 impendebat,
829 2957 913 3000 iam
952 2972 978 3000 a
1018 2957 1236 3000 Gelimere
1274 2972 1325 3000 eo
1369 2957 1438 2999 die
1477 2957 1723 3010 decretum,
1764 2971 1849 3012 quo
1881 2957 2093 2998 Ammatas
2123 2955 2179 2998 ad
2240 2953 2254 3006 ‘ff

342 3010 562 3052 Decimum
601 3012 867 3067 oppetierat:
910 3021 1072 3057 tantum
1115 3015 1198 3056 fuit
1241 3027 1385 3057 eorum
1426 3014 1676 3070 periculum.
1748 3014 1806 3055 At
1842 3018 2066 3069 postquam
2108 3025 2180 3055 res
2250 3023 2254 3055 l

342 3066 397 3108 ad
425 3067 644 3110 Decimum
674 3074 818 3123 gestas
848 3070 1015 3113 audivit
1054 3071 1241 3113 carceris
1270 3079 1436 3122 custos,
1479 3077 1525 3113 et
1553 3072 1729 3113 classem
1758 3070 1819 3111 cis
1849 3069 2179 3126 promontorium
2246 3077 2254 3098 ¹

345 3124 480 3175 vidit,
511 3125 730 3180 ingressus
760 3128 1048 3181 ergastulum,
1078 3128 1277 3179 vinctos,
1307 3127 1380 3183 qui
1413 3140 1645 3184 prosperae
1672 3141 1841 3169 suorum
1874 3127 2072 3168 fortunae
2101 3127 2180 3168 ad-
2247 3150 2250 3154 >

346 3181 426 3226 buc
467 3181 610 3235 ignari
651 3183 859 3225 sedebant
902 3183 945 3225 in
976 3183 1191 3237 tenebris,
1239 3198 1290 3226 ac
1329 3197 1566 3239 supremam
1597 3185 1740 3226 horam
1770 3183 1941 3240 trepide
1970 3190 2180 3240 expecta-

346 3240 476 3289 bant,
506 3239 747 3293 interrogat
777 3253 860 3295 quo
902 3239 1041 3295 pretio
1071 3240 1283 3282 redimere
1325 3241 1503 3282 salutem
1543 3241 1734 3283 vellent?
1778 3241 1868 3283 Illis
1898 3240 2180 3297 quodcunque

346 3295 430 3350 ipsi
459 3302 575 3337 esset
604 3295 834 3339 collibitum
865 3296 1195 3352 pollicentibus,
1224 3296 1331 3338 nihil
1361 3297 1529 3339 omnino
1561 3298 1793 3353 pecuniae,
1835 3299 1912 3340 sed
1943 3311 2067 3339 unum
2098 3299 2179 3340 hoc

348 3353 500 3406 petiit,
540 3351 813 3395 iureiurando
845 3353 1243 3408 promitterent,''si
1283 3353 1514 3396 incolumes
1544 3355 1885 3406 dimitterentur,
1915 3353 2178 3409 periclitanti

346 3408 428 3451 sibi
458 3422 535 3467 pro
567 3409 680 3453 virili
711 3414 834 3467 parte
863 3411 1084 3454 affuturos.
1144 3410 1285 3461 Quam
1313 3411 1595 3455 conditionem
1623 3412 1846 3470 amplexis,
1873 3425 1958 3468 quo
1988 3424 2059 3453 res
2081 3411 2176 3454 loco
2248 3413 2254 3438 '·
