2184 3822
287 234 367 299 34
1029 234 1361 289 PROCOPII

285 373 556 449 χρήματα’
602 375 629 431 ὃ
659 377 714 429 δὲ
737 371 1220 444 κοινολογησάμενος
1254 381 1358 430 τῶν
1390 373 1681 443 ἐπιτηδείων
1716 375 1847 428 τισὶν
1873 370 2103 428 ἓπυνθά-
2154 405 2158 412 ·

289 448 401 517 νετο
440 464 490 516 εἶ’
519 462 578 532 γε’
611 462 659 514 οἷ
694 466 858 513 ταῦτα
897 461 1106 528 ποιητέα
1152 461 1240 530 εἴη.
1331 463 1470 531 οἵπερ
1513 460 1668 513 αὐτὸν
1703 459 1762 512 τὸ
1789 457 2103 527 συμβόλαιον

290 545 609 616 ποιήσασθαι
634 545 724 597 οὐκ
750 545 878 597 εἶ’ων.
952 542 1247 615 ἀξύμφορον
1277 545 1374 615 γὰρ
1412 545 1690 614 ἀπέφαινον
1731 543 1853 596 εἶναι
1894 541 2106 610 βεβαιό-
2164 565 2184 614 'A

139 652 177 694 P
206 651 265 695 ΞΟ
291 654 439 702 τερον
473 639 581 691 τοῖς
617 631 872 695 πολεμίοις
903 627 1159 697 χρήμασιν
1194 632 1388 692 οῗκειόις
1427 630 1476 690 ἐς
1509 629 1628 690 τοὺς
1658 629 1976 700 Ἒφθαλίτας
2011 628 2107 696 τὴν
2163 687 2167 708 ζ

292 718 464 788 φιλίαν
499 711 846 782 ποιήσασθαι,
894 712 982 775 οὓς
1008 715 1071 783 δὴ
1117 717 1166 776 ἐς
1193 714 1441 781 ἀλλήλους
1471 711 1757 782 ξυγκρούειν
1781 713 1856 765 ὅτι
1882 711 2106 780 μάλιστα

288 802 462 872 σφίσιν
490 798 690 866 ἄμεινον
718 795 856 852 εἶναι.
946 799 1022 851 διὸ
1049 799 1112 867 δὴ
1140 798 1392 868 Καβάδης
1417 800 1469 859 ἐξ
1504 797 1740 864 οὐδεμιᾶς
1764 797 1920 865 ἄλλης
1946 800 2112 859 αι’τιάς
2154 798 2174 813 ”

291 885 414 955 ἴγνω
444 885 523 937 ἐπὶ
554 881 834 951 Ῥωμαίους
871 882 1258 952 στρατεύεσθαι.
1348 885 1430 935 καὶ
1453 887 1656 947 πρῶτον
1690 883 1787 948 μὲν,
1809 880 2111 950 αὐτάγγελος

284 970 556 1039 Ἀρμενίων
593 974 656 1039 τῇ
682 966 830 1041 χώρᾳ
862 969 1080 1037 ἐπῆλθε,
1130 971 1212 1021 καὶ
1254 968 1412 1020 αὐτοῦ
1447 966 1513 1019 τὰ
1550 967 1714 1019 πολλὰ
1750 968 1803 1028 ἐξ
1837 968 2112 1036 ἐπιδρομῆς
2156 1000 2158 1006 »

291 1052 591 1123 ληισάμενος
631 1054 681 1115 ἐς
703 1052 920 1120 ’Άμιδαν
971 1051 1118 1106 πόλιν
1157 1055 1208 1104 ἓν
1248 1053 1631 1124 Μεσοποταμίᾳ
1673 1052 1898 1119 κειμένην
1931 1053 1984 1102 ἔκ
2018 1054 2173 1104 τοῦ.,

292 1142 547 1210 αἴφνιδίου
575 1138 800 1207 ἀφίκετο,
831 1131 894 1206 ’ἧς
919 1137 982 1205 δὴ
1007 1143 1253 1205 χειμῶνος
1281 1135 1391 1210 ὥρᾳ
1417 1139 1467 1198 ἐς
1489 1137 1783 1204 πολιορκίαν
1804 1137 2105 1189 καθίστατο.
2145 1171 2165 1205 ‘.

281 1225 543 1292 Ἀμιδηνοὶ
581 1223 637 1274 δὲ
674 1228 999 1292 στρατιωτῶν
1029 1224 1150 1289 μὲν,
1198 1220 1285 1274 ἅτε
1323 1224 1374 1274 ἓν
1400 1219 1572 1291 εἰρήνῃ
1600 1223 1682 1272 καὶ
1725 1220 1944 1290 ἀγαθοῖς
1977 1218 2113 1291 πρά-
2140 1218 2155 1233 ‘

288 1330 490 1379 γμασιν,
521 1307 580 1360 οὗ
609 1305 875 1377 παρόντων
903 1309 1063 1377 σφίσι,
1097 1309 1180 1359 καὶ
1208 1306 1374 1367 ἄλλως
1401 1307 1456 1358 δὲ
1480 1302 1820 1375 ἀπαράσκευοι
1844 1295 2151 1375 παντάπα-’;

290 1413 372 1447 σιν
395 1392 534 1454 ὄντες
560 1389 698 1458 ὅμως
720 1401 827 1453 τοῖς
850 1393 1105 1458 πολεμιόις
1128 1389 1196 1451 ὥς
1220 1389 1402 1459 ἣκιστα
1418 1399 1731 1460 προσχωρεῖν
1750 1390 1957 1459 ἤθελον,
1983 1389 2115 1443 ἀλλὰ
2154 1405 2169 1435 ’τ

289 1487 398 1540 τοῖς
422 1498 476 1530 τε
504 1474 751 1536 κινδύνοις
785 1478 867 1528 καὶ
894 1481 957 1545 τῇ
986 1477 1305 1548 ταλαιπωρίᾳ
1328 1475 1468 1545 παρὰ
1491 1473 1645 1535 δόξαν
1668 1475 1907 1542 ἀντεῖχον.

226 1572 265 1614 Β
456 1555 555 1613 Ἦν
585 1560 643 1612 δέ
664 1581 739 1621 τις
773 1561 825 1612 ἓν
848 1558 1036 1627 Σύροις
1070 1559 1199 1629 ἀνὴρ
1222 1562 1442 1624 δίκαιος,
1484 1556 1725 1626 Ἰάκωβος
1749 1559 1938 1626 ὄνομα,
1987 1552 2028 1632 ᾧ
2049 1558 2116 1612 τὰ

291 1648 343 1709 ἒς
378 1646 436 1699 τὸ
474 1651 619 1698 θεῖον
646 1646 696 1705 ἒς
725 1643 781 1697 τὸ
817 1644 1018 1714 ἀκριβὲς
1054 1643 1261 1712 ἤσκητο.
1350 1637 1500 1706 οὗτος
1535 1644 1587 1697 ἐν
1618 1646 1790 1716 χωρίῳ
1824 1642 2112 1711 Ἐνδιήλων,
2141 1701 2165 1707 ..

292 1731 505 1799 διέχοντι
530 1730 738 1796 Ἀμίδης
762 1726 956 1799 ἡμέρας
980 1727 1125 1794 ὁδὸν,
1174 1734 1380 1790 πολλοῖς
1418 1727 1708 1797 ἔμπροσθεν
1728 1727 1930 1800 χρόνοις
1960 1727 2116 1782 αὖτὸν

109 1831 150 1872 V
180 1830 268 1875 236
296 1818 562 1885 καθεῖρξεν
574 1854 591 1879 ,
640 1813 775 1875 ὅπως
800 1814 863 1881 δὴ
895 1814 1189 1883 ἀδεέστερον
1222 1814 1286 1866 τὰ
1308 1816 1359 1874 ἐς
1385 1813 1476 1882 τὴν
1504 1814 1755 1880 εὐσέβειαν
1782 1819 1996 1881 μελετᾶν
2024 1811 2129 1891 δύ-Δ

289 1922 455 1970 νηται.
546 1900 629 1950 καὶ
675 1898 833 1950 αὐτοῦ
868 1898 916 1950 οἳ
955 1895 1117 1968 ταύτῃ
1157 1897 1422 1967 ἄνθρωποι
1462 1895 1829 1969 ὖπουργοῢντες
1855 1904 1919 1968 τῇ
1944 1896 2133 1969 γνώμῃ

291 1981 605 2056 δρυφάκτοις
633 1971 743 2036 ’τισὶ
783 1983 1108 2052 περιέβαλον,
1155 1982 1214 2035 οὗ
1239 1982 1570 2051 ξυνημμὲνοις
1593 1984 1794 2050 μέντοι,
1843 1983 1974 2036 ἀλλὰ
2005 2005 2113 2052 χω·-
2141 2042 2144 2047 ,

292 2073 370 2141 ρὶς
405 2065 677 2136 πεπηγόσιν
706 2065 966 2133 ἀλλήλων,
1014 2066 1143 2119 ὥστε
1184 2064 1309 2137 ὅρᾶν
1350 2067 1470 2130 τοὺς
1492 2066 1798 2138 προσιόντας
1835 2071 1918 2121 καὶ
1949 2069 2134 2138 ’ξυγγί-

292 2159 477 2209 νεσθαι
502 2149 606 2205 οἶόν
630 2172 682 2204 τε
710 2149 847 2205 εἶναι.
908 2154 991 2204 καὶ
1013 2153 1154 2220 τέγος
1174 2173 1222 2204 τι
1250 2150 1389 2224 αὐτῷ
1417 2151 1742 2222 ἐτεκτήναντο
1765 2153 1932 2223 βραχὺ
1959 2152 2139 2222 ὕπερό·

290 2244 405 2306 θεν,
452 2236 573 2291 ὅσον
600 2234 827 2307 ὄμβρους
854 2258 906 2289 τε
934 2239 1018 2289 καὶ
1040 2237 1275 2308 νιφετοὺς
1300 2235 1695 2309 ἀποκρούεσθαι.
1770 2240 2000 2293 ἐνταῦθα
2025 2231 2154 2297 οὗ-ς

406 2402 450 2444 6.
480 2395 618 2456 ἄλλης
644 2398 797 2452 αἰτίας
825 2413 905 2443 om.
933 2400 987 2444 A.
1013 2399 1135 2443 nulla
1162 2400 1255 2443 alia
1283 2400 1338 2444 de
1365 2413 1499 2445 caina
1525 2399 1620 2445 RV.
2117 2371 2153 2435 ⁴,

324 2555 514 2599 ecuniam
553 2555 667 2613 apud
706 2568 755 2598 se
792 2556 970 2598 foenore
1006 2560 1252 2613 occuparet.
1307 2556 1351 2600 Is
1380 2555 1436 2599 ad
1463 2556 1690 2601 amicorum
1720 2557 1932 2602 consilium
1961 2572 2009 2602 re
2038 2556 2082 2602 d
2123 2557 2138 2565 ’

290 2572 407 2663 Rata,
449 2611 551 2668 quid
591 2626 700 2668 opus
740 2613 856 2654 facto
901 2617 1014 2655 esset
1041 2613 1288 2669 quaesivit?
1343 2614 1453 2656 Eum
1485 2613 1546 2656 illi
1575 2616 1629 2657 ab
1659 2614 1890 2658 huiusmodi
1920 2616 2126 2672 paction

292 2673 571 2721 averterunt,
618 2669 942 2712 demonstrando
981 2671 1116 2725 ipsum
1155 2671 1236 2713 sibi
1271 2670 1462 2713 fraudem
1500 2677 1763 2726 creaturum,
1813 2672 1850 2714 si
1889 2673 2131 2727 amicitiam

292 2726 476 2783 pecunia
504 2739 582 2767 sua
610 2725 798 2767 sanciret
825 2726 968 2767 hostes
995 2727 1108 2769 inter
1137 2733 1182 2770 et
1210 2727 1509 2784 Ephthalitas‚
1547 2741 1652 2784 quos
1683 2735 1824 2772 mutua
1854 2729 2117 2775 dissensione

294 2782 498 2826 collidere
535 2786 790 2838 praestaret.
849 2783 1035 2837 Repulsa
1079 2785 1184 2826 haec
1226 2798 1311 2827 una
1347 2784 1559 2827 Cabadem
1584 2786 1638 2827 ad
1667 2786 1932 2829 inferendum
1961 2787 2122 2843 Roma..

293 2841 362 2881 nis
402 2838 556 2881 bellum
599 2838 777 2893 impulit.
835 2838 884 2880 ln
925 2840 1159 2883 Armeniam
1201 2841 1374 2897 primum
1402 2841 1579 2897 irrupit,
1619 2843 1769 2886 famam
1798 2843 1933 2899 ipsam
1964 2843 2129 2887 celeri'

295 2902 388 2939 tate
419 2899 722 2952 praevertens,
767 2897 811 2936 et
841 2908 931 2937 cum
961 2909 1150 2951 magnam
1181 2897 1367 2953 regionis
1396 2904 1556 2954 partem
1586 2900 1910 2954 praedabundus
1940 2914 2069 2956 percu
2116 2931 2122 2939 ι

294 2952 448 3007 risset,
489 2951 676 2994 Amidam
718 2953 861 2993 urbem
891 2952 1224 3007 Mesopotamiae
1253 2954 1504 3011 improvisus
1534 2955 1732 3009 advenit,
1771 2957 2008 3014 hyemeque
2035 2973 2081 3000 o
2115 2967 2118 2971 ’

295 3009 420 3052 sedit.
477 3008 691 3060 Amideni‚
737 3022 983 3064 quamquam
1012 3016 1137 3062 tunc,
1168 3014 1215 3052 ut
1243 3011 1287 3052 in
1315 3025 1420 3068 pace
1449 3018 1576 3068 atque
1606 3014 1762 3069 optimo
1791 3014 1918 3070 Reip.
1949 3020 2115 3071 tempo-

294 3079 369 3119 re,
402 3079 428 3108 a
456 3065 655 3108 militibus
686 3069 808 3107 erant
837 3070 880 3106 et
907 3066 1036 3107 rebus
1066 3067 1254 3110 omnibus
1283 3067 1501 3124 imparati,
1532 3069 1729 3112 nolebant
1756 3075 1895 3113 tamen
1923 3085 1971 3115 se
1998 3072 2113 3115 hos-

294 3122 479 3173 dedere,
512 3127 556 3164 et
583 3122 628 3163 in
659 3121 861 3177 periculis
890 3122 1181 3177 aerumnisque
1208 3131 1380 3180 praeter
1407 3124 1645 3182 opinionem
1674 3126 1899 3171 durabant.

409 3179 533 3220 Tunc
561 3179 716 3232 agebat
746 3178 790 3220 in
818 3178 947 3234 Syria
974 3178 1176 3231 Iacobus,
1221 3181 1374 3224 eximia
1402 3184 1472 3223 vir
1498 3183 1776 3226 sanctimonia
1806 3197 1855 3226 ac
1885 3183 2040 3227 divinis
2067 3183 2111 3227 i'·‘
2136 3199 2142 3245 ξ’

293 3236 422 3279 rebus
462 3235 847 3277 exercitatissimus.
908 3235 1095 3286 Quarum
1136 3237 1468 3280 commentationi
1509 3244 1557 3282 ut
1599 3239 1787 3282 securius
1823 3247 2018 3295 vacaret,
2066 3237 2138 3291 Μ’,

294 3306 400 3348 agro
428 3291 722 3358 Endiekuum,
754 3291 867 3333 unde
894 3291 1046 3334 Amida
1071 3290 1155 3334 diei
1185 3294 1307 3336 unius
1321 3295 1419 3362 ‘iter
1440 3296 1588 3346 abest,
1616 3296 1754 3340 multis
1784 3302 1883 3340 ante
1911 3297 2033 3340 annis

294 3407 530 3449 servientes
559 3419 642 3447 non
670 3404 908 3460 contiguis,
939 3411 984 3446 at
1013 3405 1121 3447 raris
1151 3405 1274 3448 vallis
1304 3409 1607 3462 condiderant,
1647 3425 1730 3467 quo
1760 3410 1963 3454 inclusum
1992 3410 2084 3468 asp·

296 3477 396 3505 cere
433 3463 665 3514 adeuntes,
708 3466 751 3504 et
789 3461 970 3518 colloqui
999 3474 1090 3503 cum
1119 3476 1169 3504 eo
1200 3471 1385 3517 possent.
1445 3465 1666 3517 Quoddam
1695 3466 1821 3510 etiam
1849 3473 2006 3512 tectum
2038 3482 2075 3511 s
2108 3500 2138 3514 .

295 3525 615 3578 perposueraut‚
645 3518 888 3577 quantulum
916 3518 1020 3562 satis
1047 3524 1162 3562 esset
1191 3521 1246 3564 ad
1273 3520 1464 3566 imbrium
1491 3523 1732 3582 niviumque
1757 3525 1984 3569 arcendam
2027 3545 2082 3560 ἰ
2108 3527 2110 3530 ’
