2254 3814
312 166 434 223 278
987 167 990 169 ’
1061 160 1397 214 PROCOPII

482 303 632 359 Εἶναί
665 324 718 355 τε
758 298 1092 366 ὓποτοπάζων
1133 301 1228 369 οὐχ
1258 298 1377 371 ὖγιᾶ
1412 301 1503 355 τὸν
1538 297 1687 369 λόγον
1714 298 1959 370 Χοσρόης
1989 302 2055 354 τὰ
2090 302 2141 363 ἒς

135 408 171 450 Ρ
205 407 285 452 158
315 392 408 461 τὴν
448 387 731 459 παράταξιν
768 383 1053 455 ἐξηρτύετο.
1141 388 1226 439 καὶ
1262 384 1377 439 τότε
1412 387 1505 454 μὲν
1547 387 1780 438 πλίνθων
1814 384 2054 453 πάμπολύ
2092 407 2142 439 τι

304 482 483 548 χρῆμα
510 476 588 526 ἐπὶ
615 473 674 525 τὸ
697 475 851 540 χῶμα
878 472 1120 539 ἐπέβαλε,
1166 474 1308 525 δυοῖν
1333 472 1390 525 δὲ
1415 470 1630 542 ὕστερον
1650 467 1864 540 ἡμέραιν
1891 473 2039 523 παντὶ
2065 476 2139 543 τῷ

310 563 515 632 στρατῷ
554 555 624 619 ὥς
661 555 1044 626 τειχομαχήσων
1083 557 1162 609 ἐπὶ
1194 557 1284 610 τὸν
1319 561 1412 625 τῆς
1447 555 1642 618 πόλεως
1671 558 1939 626 περίβολον
1961 549 2138 624 ἦλθεν.

310 646 363 700 ἕν
392 666 445 698 τε
474 640 608 714 πύλῃ
633 639 822 714 ἑκάστῃ
846 649 948 696 τῶν
977 663 1120 704 τινας
1140 639 1401 713 ἀρχόντων
1423 644 1508 695 καὶ
1529 642 1684 713 με’ρος
1705 663 1755 694 τι
1779 646 1872 695 τοῦ
1893 638 2182 711 στρατῶ-5

310 750 476 799 ματος
530 725 1011 797 καταστησάμενος,
1057 726 1195 781 ἅπαν
1244 749 1299 781 τε
1343 727 1404 781 τὸ
1445 736 1607 796 τεῖχος
1640 724 1804 798 ταύτῃ
1838 726 2145 796 περιβαλὼν,

313 810 562 882 κλίμακάς
587 835 640 866 τε
666 813 807 886 αὐτῷ
834 816 918 866 καὶ
939 814 1176 882 μηχανὰς
1199 818 1466 884 προσῆγεν.
1528 812 1714 867 ὄπισθε
1740 813 1796 865 δὲ
1820 812 1942 874 τούς
1967 817 2147 883 Σαρα-

304 899 498 969 »κηνοῦς
535 897 769 960 ἅπαντας
808 899 898 961 ξὺν
935 905 1039 953 τῶν
1074 903 1296 969 Περσῶν
1334 920 1466 952 τισιν
1501 896 1702 963 ξ’ταξεν,
1748 896 1841 950 οὐκ
1871 895 1957 967 ἐφ’
2001 888 2043 969 ᾧ
2072 901 2145 969 τῷ

303 982 567 1057 περιβόλῳ
605 981 994 1053 προσβάλωσιν,
1042 983 1158 1038 ἀλλ’
1191 984 1329 1047 ὅπως
1356 982 1689 1052 ἁλισκομένης
1715 988 1810 1050 τῆς
1834 979 2027 1044 πόλεως
2052 980 2148 1034 αὗ-

309 1073 388 1124 τοὶ
414 1069 536 1132 τοὺς
559 1067 839 1140 φεύγοντας
866 1067 1263 1140 σαγηνεύσαντες
1291 1067 1507 1137 λα’βωσι.
1592 1065 1804 1138 τοιαύτῃ
1839 1068 1933 1135 μὲν
1968 1065 2144 1137 γνώμῃ
2163 1076 2216 1117 10

309 1155 369 1209 τὸ
396 1152 689 1226 στράτευμα
713 1152 740 1208 ὃ
768 1153 1015 1226 Χοσρόης
1042 1153 1177 1209 οὕτω
1205 1154 1417 1218 διέταξε.
1502 1159 1596 1222 τῆς
1620 1155 1676 1207 δὲ
1701 1150 1871 1221 μάχης
1897 1155 2028 1225 πρωὶ
2051 1152 2148 1223 ἆρ-

245 1249 284 1293 Β
314 1241 531 1309 ξαμένης
566 1239 687 1293 κατ’
727 1239 890 1309 ἀρχὰς
922 1242 1014 1308 μὲν
1050 1240 1116 1292 τὰ
1148 1244 1369 1311 Περσῶν
1406 1238 1766 1308 καθυπέρτερα
1805 1233 1884 1307 ἦν.
1972 1239 2151 1291 πολλοὶ

307 1327 407 1397 γὰρ
438 1325 567 1396 πρὸς
599 1326 714 1379 λίαν
746 1325 947 1395 ὀλίγους
981 1322 1262 1393 ἐμάχοντο,
1306 1325 1412 1378 ἐπεὶ
1446 1328 1550 1378 τῶν
1567 1321 1830 1392 Ῥωμαίων
1853 1323 1902 1376 οἱ
1926 1327 2150 1376 πλεῖστοι

309 1409 526 1478 ἀνήκοοί
555 1431 608 1464 τε
646 1415 748 1464 τῶν
784 1409 1101 1476 ποιουμένων
1137 1412 1222 1464 καὶ
1257 1405 1606 1477 ἀπαράσκευοι
1644 1405 1971 1463 παντάπασιν
1999 1402 2148 1476 ἦσαν.

307 1493 589 1566 προϊούσης
615 1496 672 1548 δὲ
695 1500 789 1566 τῆς
812 1499 1100 1565 ξυμβολῆς,
1146 1493 1397 1567 θορύβων
1423 1517 1478 1549 τε
1507 1497 1591 1548 καὶ
1612 1499 1841 1564 ταραχῆς
1864 1493 2090 1562 ἔμπλεως
2115 1490 2219 1563 ἦ15

305 1579 454 1644 πόλις
494 1583 708 1651 ἐγίνετο,
754 1583 838 1634 καὶ
876 1579 1164 1651 ξύμπαντες
1194 1581 1296 1651 ἤδη
1331 1581 1514 1643 αὐταῖς
1535 1583 1730 1651 γυναιξὶ
1753 1582 1838 1633 καὶ
1860 1581 2152 1650 παιδαρίοις

268 1700 282 1715 0
307 1668 388 1720 ἐπὶ
418 1667 478 1720 τὸ
506 1675 668 1735 τεῖχος
692 1666 976 1735 ἀνέβαινον.
1068 1668 1116 1721 οἱ
1140 1669 1234 1736 μὲν
1257 1661 1349 1722 οὖν
1376 1669 1428 1720 ἓν
1452 1664 1622 1741 ἡλικίᾳ
1650 1665 1739 1730 ξύν
1765 1674 1872 1727 τοῖς
1897 1661 2151 1736 στρατιώ-

306 1774 421 1814 ταις
457 1749 822 1822 καρτερώτατα
863 1753 986 1815 τοῦς
1020 1756 1294 1822 πολεμίους
1335 1749 1623 1823 ἠμύνοντο,
1669 1753 1754 1805 καὶ
1779 1756 1883 1805 τῶν
1902 1750 2153 1821 ἀγροίκων

307 1840 488 1891 πολλοὶ
519 1838 571 1900 ἒς
596 1838 717 1900 τοὺς
738 1836 1043 1910 βαρβάρους
1069 1838 1191 1910 ἔργα
1212 1837 1500 1906 θαυμαστὰ
1526 1838 1885 1891 ἐπεδείκνυντο.
1974 1838 2154 1898 παῖδες

307 1925 463 1976 δὲκαὶ
485 1930 714 1993 γυναῖκες
736 1924 825 1987 ξὺν
851 1933 958 1986 τοῖς
978 1922 1277 1996 γεγηρακόσι
1295 1926 1479 1986 λίθους
1502 1943 1557 1976 τε
1581 1930 1689 1985 τοῖς
1709 1921 2018 1991 μαχομένοις
2033 1925 2150 1985 ξυν-
2164 1929 2222 1973 20

304 2009 500 2078 ε’λεγον,
536 2011 620 2061 καὶ
651 2009 816 2063 τᾶλλα
847 2006 1152 2081 ὑπούργουν.
1239 2010 1370 2071 τινὲς
1394 2008 1449 2062 δὲ
1481 2010 1565 2061 καὶ
1589 2007 1810 2077 λέβητας
1830 2008 2001 2060 ἐλαίου
2025 2012 2154 2060 πολ-

307 2093 428 2155 λοὺς
454 2092 832 2163 ἕμπλησάμενοι
856 2097 984 2166 πυρί
1003 2116 1056 2148 τε
1084 2094 1274 2157 αὐτοὺς
1297 2098 1530 2162 πανταχῆ
1558 2098 1651 2146 τοῦ
1675 2094 1871 2162 τείχους
1892 2093 1944 2155 ἔς
1969 2095 2151 2162 διαρκῆ

240 2187 278 2229 C
308 2176 656 2251 θερμήναντες
692 2178 908 2250 χρόνον,
953 2182 1038 2233 καὶ
1086 2180 1195 2245 ζέον
1236 2177 1496 2251 ὑπεράγαν
1527 2177 1588 2232 τὸ
1619 2177 1787 2233 ἔλαιον
1813 2199 2152 2250 περιρραντη-

423 2318 464 2360 1.
493 2312 605 2371 ὑγιᾶ
633 2315 724 2357 AV.
782 2310 892 2371 ὑγιῆ
922 2314 973 2356 Ρ.
1145 2315 1188 2360 3.
1219 2315 1385 2371 δυοῖν]
1416 2314 1548 2358 δυεῖν
1576 2314 1628 2357 Α.
1798 2315 1873 2360 22.
1911 2314 2153 2370 πανταχῆ]

418 2372 728 2487 ῗῖἔίτοοῖξοέσν.
843 2373 916 2418 23.
943 2371 1365 2431 περιρραντηρίοις]
1388 2372 1768 2431 ,περιραντηρίοις
1798 2372 1850 2415 V.
1908 2371 2012 2429 περὶ
2043 2372 2154 2429 ῥαν-

421 2558 479 2601 At
508 2557 721 2601 Chosroes
750 2556 954 2601 inducens
978 2557 1023 2600 in
1052 2557 1234 2601 animum
1264 2556 1346 2601 sibl
1376 2559 1511 2602 verba
1539 2557 1648 2611 dari,
1678 2557 1922 2601 necessaria
1951 2555 2006 2600 ad
2035 2557 2152 2600 ferro

307 2614 620 2658 decernendum
662 2615 853 2671 expedit.
915 2615 1068 2672 ltaque
1110 2615 1329 2659 excitatae
1363 2617 1460 2660 moli
1491 2616 1650 2659 lateres
1684 2615 1873 2658 infinitos
1903 2615 2053 2658 eodem
2082 2614 2154 2657 die

306 2670 580 2727 superponit:
627 2672 832 2727 perendie
863 2672 982 2715 urbis
1011 2673 1184 2715 moenia
1208 2682 1562 2729 oppugnaturus,
1593 2672 1739 2730 copias
1768 2686 1910 2715 omnes
1940 2673 2154 2723 admovet,

307 2735 352 2771 et
394 2727 646 2784 quibusdam
685 2729 868 2771 ducibus
898 2744 994 2772 cum
1039 2736 1166 2786 parte
1195 2730 1370 2773 militum
1415 2732 1472 2774 ad
1501 2730 1693 2787 singulas
1735 2737 1892 2787 portas
1917 2728 2154 2787 dispositis,

304 2792 435 2842 atque
463 2785 527 2827 ita
556 2799 676 2829 muro
706 2786 893 2842 undique
925 2787 1222 2844 circumsepto,
1251 2787 1390 2831 scalas
1420 2789 1722 2845 machinasque
1737 2787 1944 2844 applicat.
2003 2791 2038 2830 A
2063 2792 2156 2829 ter-

307 2857 363 2898 go
395 2843 636 2885 Saracenos
665 2856 810 2886 omnes
840 2842 1023 2886 collocat
1064 2859 1162 2888 cum
1192 2843 1357 2899 aliquot
1389 2846 1615 2888 Persarum
1645 2845 1815 2897 turmis,
1860 2857 1944 2887 non
1972 2843 2158 2900 impres-

306 2900 442 2943 sionis
472 2898 517 2941 in
547 2899 715 2942 moenia
743 2900 970 2944 faciendae
1000 2915 1152 2954 causa,
1197 2901 1272 2944 sed
1305 2909 1355 2944 ut
1382 2902 1588 2958 indagine
1617 2902 2055 2959 comprehenderent,
2102 2913 2156 2942 ex

305 2958 412 2999 urbe
453 2962 584 3012 capta
612 2957 841 3013 fugientes.
915 2957 983 3000 Eo
1026 2959 1204 3001 consilio
1235 2959 1451 3002 Chosroes
1490 2958 1721 3002 exercitum
1761 2971 1880 3001 sunm
1922 2957 2155 3000 ordinavit.

305 3013 418 3056 Inita
459 3019 526 3056 est
555 3027 678 3056 mane
719 3028 888 3069 pugna:
941 3014 1064 3057 cuius
1093 3016 1264 3072 quidem
1305 3015 1541 3072 primordia
1570 3015 1718 3058 Persis
1753 3015 1869 3057 laeta
1907 3019 2034 3057 erant
2070 3013 2154 3056 iam

305 3070 628 3127 superioribus:
673 3071 797 3113 multi
828 3070 938 3113 enim
980 3081 1129 3114 contra
1160 3073 1383 3116 admodum
1415 3085 1574 3129 paucos
1601 3072 1846 3115 certabant:
1898 3086 1992 3114 cum
2021 3070 2156 3139 pleri-

306 3142 391 3184 que
421 3128 600 3170 Romani
629 3126 733 3169 nihil
762 3128 925 3179 horum,
965 3142 1076 3183 quae
1107 3130 1283 3183 fiebant,
1316 3130 1532 3178 audirent,
1562 3137 1794 3186 essentque
1823 3128 1990 3171 omnino
2020 3142 2156 3184 impa-

306 3186 406 3228 rati.
465 3184 575 3227 Dum
606 3190 747 3226 autem
777 3183 939 3227 diutius
967 3185 1241 3240 confligitur,
1290 3192 1382 3228 tota
1411 3186 1547 3228 exciri
1575 3185 1756 3229 tumultu
1786 3185 1970 3239 civitas,
2012 3199 2156 3228 omnes

306 3256 401 3284 cum
443 3242 552 3298 ipsis
580 3240 776 3283 foeminis
817 3241 1045 3297 puerisque
1086 3257 1248 3285 murum
1291 3242 1590 3288 conscendere.
1646 3242 1712 3286 lbi
1751 3242 1952 3286 iuventus
1983 3244 2152 3286 urbana

307 3299 515 3342 militibus
546 3298 748 3355 permista
777 3298 941 3340 hostem
968 3297 1226 3342 validissime
1259 3299 1564 3357 propulsabat:
1604 3299 1754 3343 rustici
1782 3300 2020 3357 complures
2048 3299 2156 3342 mira

308 3358 352 3399 in
385 3357 600 3398 Barbaros
631 3355 816 3398 edebant
847 3355 1064 3399 facinora:
1113 3355 1251 3411 pueri,
1291 3355 1513 3407 foeminae,
1545 3370 1671 3401 senes
1700 3357 1960 3413 colligebant
1988 3356 2155 3412 lapides

311 3413 514 3470 aliaque,
560 3420 605 3455 et
635 3411 936 3455 dimicantibus
964 3411 1251 3455 sufficiebant.
1313 3414 1519 3456 Nonnulli
1551 3429 1628 3471 pet
1656 3421 1790 3458 totum
1819 3414 1925 3457 muri
1954 3413 2154 3456 ambitum

310 3472 461 3528 plenos
490 3470 584 3514 oleo
614 3470 776 3513 lebetas
805 3470 957 3514 multos
986 3469 1329 3514 fervefaciebaut
1358 3471 1543 3528 quandiu
1573 3471 1677 3516 satis
1707 3478 1827 3516 erate
1880 3485 1978 3515 mox
2005 3484 2155 3529 asper-
