2184 3822
247 178 368 238 146
707 179 952 233 PHOTII
991 177 1303 231 EPITOME
1346 175 1535 231 LIBRI
1574 176 1620 230 Ι.

240 322 509 395 γενημὲνης
548 320 730 376 λαθὼν
769 319 1003 382 ἅπαντας
1045 313 1280 390 δεύτερον
1310 313 1682 389 μονομαχήσας
1719 316 1913 387 ἐνίκησε
1924 358 1942 384 ,
1994 317 2077 371 καὶ

246 409 531 478 ἀρξαμένου
557 413 651 461 τοῦ
678 405 902 474 πολέμου
928 402 1256 474 διελύθησαν.

413 519 495 575 ιδ’.
555 519 802 588 ΗῩστερον
830 518 886 571 δὲ
919 514 1072 571 πάλιν
1109 513 1392 581 συστάντος
1428 515 1604 580 αὗτοῒς
1639 514 1864 584 πολέμου
1906 520 2078 588 πολλῷ

244 606 618 676 καθυπέρτεροι
660 601 901 671 Ῥωμαῖοι
952 603 1176 673 ἐγένοντο
1222 605 1306 656 καὶ
1338 608 1560 674 Περσῶν
1594 602 1754 664 πολὺς
1789 597 1944 670 ἐρρύη
1980 598 2081 671 φό-

244 714 357 756 νος,
407 693 489 743 καὶ
515 688 608 742 ἄπ’
648 688 809 742 αὐτοῦ
842 687 934 742 οὐκ
967 687 1039 742 ἔτι
1071 688 1263 757 ἤθελον
1297 689 1351 742 ἐκ
1374 694 1467 742 τοῦ
1492 688 1672 750 eis-{og
1697 685 1868 755 μάχην
1894 689 2123 755 &wey-5

246 785 346 829 κεΐν
374 777 424 838 ἐς
442 773 752 843 Ῥωμαίους·
812 773 989 845 ἔφοδοι
1018 776 1074 827 δὲ
1109 777 1163 837 ἐξ
1192 775 1471 845 ἐπιδρομῆς
1504 772 1815 844 ἀμφοτέροις
1846 773 2082 841 ἐγίνοντο.

417 883 489 943 ιε’.
568 887 683 942 ’Ότι
711 886 967 956 Καβάὸης
995 887 1120 941 ἄλλο
1151 884 1447 957 στράτευμα
1478 886 1532 948 ἐς
1548 885 1816 954 Ἀρμενίαν
1845 884 1938 952 τὴν
1961 882 2087 938 Ῥω-

245 976 416 1043 μαιόις
461 971 714 1043 κατήκοον
756 973 977 1041 ἔπεμψεν
990 1014 1007 1039 ,
1055 972 1082 1026 ὃ
1125 973 1190 1040 δὴ
1234 970 1528 1042 στράτευμα
1566 972 1965 1039 Περσαρμενίιον
2003 972 2087 1023 καὶ

247 1065 515 1115 Σαυνιτῶν
537 1062 621 1112 καὶ
644 1061 885 1130 Σαβίρων
906 1053 970 1127 ἦν
987 1076 1000 1088 ·
1045 1056 1213 1130 τούτῳ
1236 1063 1307 1131 τῷ
1331 1061 1539 1129 στρατῷ
1564 1053 1876 1125 Μερμερόης
1900 1053 2084 1124 ἡγεῖτο.

99 1153 134 1195 Ρ
164 1153 220 1197 85
249 1143 534 1215 Δωρόθεος
563 1147 619 1198 δὲ
649 1143 674 1198 ὃ
704 1145 967 1214 Ἀρμενίας
995 1143 1282 1214 στρατηγὸς
1304 1145 1387 1196 καὶ
1416 1144 1633 1207 Σίττας,
1675 1140 1731 1203 ὃς
1755 1141 1946 1203 παντὸς
1970 1144 2086 1213 ἐφε-
2103 1152 2158 1194 10

249 1229 420 1300 στήκει
447 1233 600 1284 τοῖδε
626 1236 718 1284 τοῦ
738 1228 1021 1296 Ῥωμαϊκοῦ
1049 1226 1451 1299 στρατεύματος,
1491 1225 1843 1295 συμβαλόντες
1863 1235 1970 1289 τοῖς
1992 1249 2089 1281 πο-

249 1319 438 1384 λεμίοις
475 1315 629 1384 ὀλίγοι
663 1316 795 1368 πολὺ
826 1312 1069 1368 πλειόνων
1095 1311 1382 1382 ἐκράτησαν
1399 1329 1413 1343 ·
1460 1314 1513 1376 ἐξ
1534 1305 1597 1366 οὗ
1624 1312 1687 1381 δὴ
1715 1315 1799 1365 καὶ
1826 1312 1910 1364 ἐπ’
1946 1313 2087 1366 οἴκου

251 1403 301 1455 οἳ
334 1404 454 1471 τῇδε
477 1401 678 1470 Πέρσαι
716 1397 1060 1469 ἀνεχώρησαν.
1151 1395 1266 1452 τότε
1290 1400 1372 1451 καὶ
1399 1397 1532 1451 ἄλλα
1557 1398 1650 1465 μὲν
1672 1397 1904 1468 Περσικὰ
1921 1399 2090 1469 χωρία

244 1485 484 1554 Ῥωμαῖοι
519 1486 796 1553 κατέσχον,
836 1485 1081 1552 κατέσχον
1123 1484 1179 1536 δὲ
1216 1485 1302 1537 καὶ
1334 1483 1394 1536 τὸ
1436 1480 1731 1553 Φαράγγιον
1757 1481 2086 1551 καλούμενον,

253 1571 377 1624 ὅθεν
402 1570 465 1639 δὴ
494 1573 577 1623 καὶ
603 1571 694 1624 τὸν
709 1570 904 1639 χρυσὸν
928 1571 1129 1639 Πέρσαι
1152 1566 1456 1639 ὀρύσσοντες
1477 1573 1684 1637 βασιλεῖ
1704 1568 1918 1639 φέροισα.
2007 1572 2090 1623 καὶ
2107 1578 2184 1634 155

256 1654 446 1722 Τζάνοι
473 1657 527 1708 δὲ
553 1656 599 1709 οἱ
619 1654 779 1709 πάλαι
806 1653 961 1709 Σάνοι
988 1651 1291 1721 καλούμενοι
1315 1651 1591 1723 αὐτόνομοι
1614 1652 1756 1716 ὄντες
1777 1657 1859 1708 καὶ
1883 1661 2092 1728 λῃστρι-

254 1741 476 1809 κώτερον
516 1740 638 1804 τοὺς
678 1739 1065 1811 πλησιοχώρους
1105 1740 1525 1810 κατατρέχοντες,
1578 1737 1681 1792 {ma
1726 1741 1888 1794 Σίττα
1930 1763 2093 1794 κατα-

253 1827 694 1897 στρατηγηθέντες
720 1830 790 1889 εἷς
817 1827 875 1880 τὸ
902 1823 1145 1896 ἡμέτερόν
1169 1846 1221 1879 τε
1242 1825 1655 1894 μεταβληθέντες
1677 1828 1983 1895 Χριστιανοὶ
2010 1848 2094 1897 γε-

253 1910 432 1983 γόνασι
472 1913 555 1964 καὶ
584 1910 823 1980 κατήκοοι
841 1909 1107 1980 Ῥωμαίοις
1133 1907 1202 1973 ὥς
1229 1913 1313 1963 καὶ
1341 1911 1392 1973 ἐς
1418 1907 1603 1981 λόγους
1630 1917 1855 1982 στρατοῦ
1874 1910 2095 1981 ‘Peuma-

253 2003 346 2051 κοῦ
378 1993 809 2051 κατατάττεσθαι.
2104 2010 2184 2055 20.

371 2177 414 2219 6.
444 2170 492 2226 ἐς
520 2171 756 2231 ῥωμαίους
796 2173 922 2216 Bess.
967 2167 1224 2224 Ῥωμαίοις
1251 2172 1302 2215 P.
1452 2174 1496 2217 9.
1532 2172 1736 2231 σαβίρων
1762 2172 1884 2217 Bess.
1935 2171 2095 2232 Σαβή-

370 2248 466 2284 ρων
493 2232 545 2274 Ρ.
676 2237 745 2276 10.
778 2230 976 2285 Σίττας]
1008 2231 1153 2281 Σίτας
1182 2231 1231 2272 Ρ.
1360 2232 1430 2275 13.
1462 2229 1508 2275 οὶ
1537 2233 1648 2290 τῇδε
1675 2232 1796 2275 Bess.
1857 2228 1903 2275 οὶ
1932 2247 2011 2276 om.
2040 2233 2092 2277 P.

376 2292 447 2334 16.
494 2286 628 2333 σάνοι
655 2291 779 2332 Bess.
837 2289 1022 2331 Σαῦνοι
1048 2288 1100 2330 P.
1159 2287 1284 2330 Conf.
1314 2301 1355 2344 p.
1384 2289 1456 2340 77,
1487 2290 1556 2334 13.
1729 2291 1798 2335 17.
1841 2285 1955 2342 τούς
1981 2292 2095 2347 πλη-

372 2347 624 2403 σιοχώρους
652 2348 775 2389 Bess.
833 2348 933 2398 τοῖς
958 2343 1293 2402 πλησιοχώροις
1319 2345 1371 2391 P.

259 2502 319 2547 ad
360 2502 579 2559 singulare
610 2507 824 2545 certamen
864 2504 1144 2558 provocatum
1186 2505 1328 2554 esset,
1368 2501 1539 2559 ignotus
1577 2502 1796 2557 omnibus,
1846 2503 1915 2546 bis
1957 2503 2094 2562 depu-

264 2561 437 2616 gnando
468 2559 609 2603 victor
639 2559 801 2603 evasit:
831 2565 1115 2616 coeptumque
1143 2559 1351 2616 praelium
1379 2561 1598 2604 finierunt.

378 2642 447 2688 14.
506 2643 614 2686 Post
652 2643 807 2687 iterum
844 2643 1064 2686 commisso
1096 2643 1223 2687 -inter
1265 2659 1340 2687 eos
1370 2645 1564 2700 praelio,
1604 2643 1785 2689 Romani
1813 2644 1938 2701 longe
1965 2659 2097 2703 supe·-

260 2701 398 2747 riores
428 2706 685 2753 evaserunt,
727 2715 824 2743 cum
864 2700 1028 2756 ingenti
1058 2701 1284 2745 Persarum
1315 2701 1451 2745 clade.
1511 2702 1611 2754 Quo
1642 2703 1801 2746 factum
1831 2712 1898 2745 est
1925 2707 1972 2746 ut
2002 2717 2094 2747 cum

259 2758 464 2858 &Ziganis
488 2756 658 2857 fexfflee
696 2757 809 2802 iusto
850 2759 1013 2815 praelio
1054 2758 1259 2803 dimicare
1293 2758 1578 2804 detrectarint
1597 2777 1610 2804 ε
1654 2759 1918 2803 incursiones
1955 2766 2095 2805 tamen

265 2866 269 2869 .
379 2829 460 2870 que
510 2829 559 2857 ac
634 2845 645 2856 .

379 2900 449 2943 15.
511 2899 709 2942 cabades
747 2899 923 2942 alterum
951 2898 995 2940 in
1026 2899 1261 2945 Armeniam
1289 2900 1490 2955 Romanis
1517 2901 1726 2945 subditam
1756 2901 1987 2945 exercitum
2016 2902 2095 2946 mi-

265 2956 349 3008 sit,
381 2955 456 3012 qui
487 2970 539 2998 ex
571 2956 885 3009 Persumenis,
928 2961 972 2998 et
1010 2955 1226 3011 Samnitis,
1265 2965 1311 3002 et
1349 2959 1524 3002 Saberis
1563 2959 1804 3002 constabat.
1863 2958 1944 3002 His
1974 2958 2096 3003 Mer-

267 3027 432 3058 meroes
464 3012 596 3068 copiis
628 3014 882 3069 praefectuS.
939 3013 1185 3057 Dorotheus
1214 3029 1316 3059 vero
1347 3015 1569 3059 Armeniae
1598 3015 1720 3068 Dux,
1747 3021 1794 3059 et
1822 3015 1988 3068 Sit-tas,
2021 3017 2094 3073 qui

267 3077 312 3114 et
340 3070 421 3112 toti
452 3069 550 3112 huic
579 3070 769 3113 Romano
801 3070 1010 3112 exercitui
1042 3072 1245 3126 praefuit,
1288 3086 1412 3115 manu
1443 3086 1534 3114 cum
1566 3073 1691 3116 hoste
1720 3079 1935 3123 conserta,
1965 3075 2094 3129 pauci

268 3127 451 3171 maiores
479 3127 605 3182 longe
633 3128 780 3181 copias
807 3134 1083 3184 superarunt:
1124 3129 1235 3171 unde
1264 3136 1309 3172 et
1341 3130 1502 3173 domum
1533 3129 1694 3172 Persae
1723 3131 1939 3186 fugerunt.
1998 3131 2094 3175 Hac

269 3184 495 3228 occasione
524 3184 705 3226 Romani
734 3198 826 3226 cum
857 3184 942 3227 alia
971 3183 1173 3228 Persicae
1202 3186 1388 3242 regionis
1417 3191 1678 3241 occuparunt
1705 3187 1813 3238 loca,
1859 3195 1946 3230 tum
1978 3187 2094 3231 Pha·

267 3241 486 3297 rangium,
540 3241 651 3294 quod
680 3245 859 3294 vocant,
911 3246 1143 3297 ceperunt,
1199 3244 1311 3286 unde
1340 3257 1486 3286 aurum
1514 3244 1673 3286 Persae
1702 3244 1953 3287 effodientes
1983 3244 2092 3300 Regi

266 3299 474 3355 pendunt.
533 3298 641 3340 Zani
669 3312 796 3350 vero,
837 3299 976 3340 Saum·
1004 3297 1241 3354 antiquitus
1271 3301 1500 3356 appellati,
1539 3300 1663 3343 liberi
1692 3307 1738 3343 et
1764 3301 1972 3344 latronum
2005 3301 2092 3345 ritu

269 3356 414 3398 vicina
442 3356 692 3411 populantes
719 3356 831 3404 loca,
865 3355 979 3397 Sitta
1002 3355 1110 3397 duce
1137 3356 1259 3408 victi,
1287 3358 1331 3399 in
1348 3357 1423 3400 *ius
1452 3362 1644 3400 nostrum
1671 3357 1959 3416 ditionemque
1988 3372 2093 3401 con·

271 3414 497 3465 cedentes,
543 3411 779 3454 Christiani
807 3412 914 3454 facti
943 3416 1064 3467 sunt,
1106 3416 1152 3455 et
1179 3413 1381 3457 Romanis
1412 3419 1591 3472 parent3
1632 3419 1686 3459 ut
1713 3415 1839 3460 etiam
1867 3415 1912 3459 in
1942 3417 2091 3460 horum

269 3470 420 3514 castris
456 3483 543 3515 una
569 3468 779 3528 permisti,
800 3467 1038 3513 militarint.
