2184 3822
300 211 379 270 48
1000 213 1332 271 PROCOPH

235 364 274 408 B
301 378 367 411 τα
399 354 728 426 ἐξικνουμένη.
816 353 947 425 αὕτη
983 377 1037 408 τε
1066 354 1100 422 ἢ
1125 355 1350 428 ἀτραπὸς
1373 356 1423 421 ἒς
1447 353 1706 427 ἆπότομόν
1730 380 1843 413 τινα
1867 361 1950 413 καὶ
1976 358 2106 425 ὅλως

295 442 493 511 ἄβατον
516 447 722 514 τελευτᾷ
744 446 925 511 χῶρον.
1015 441 1186 504 δίοδος
1206 442 1303 514 γὰρ
1332 443 1541 510 οὐδεμία
1568 444 1626 497 τὸ
1657 444 1830 498 λοιπὸν
1852 447 2101 516 φαίνεται,

232 522 237 530 “
296 525 427 595 πλήν
449 547 501 596 γε
530 527 592 593 δὴ
623 526 698 579 ὅτι
722 525 886 595 ὥσπερ
909 525 1020 579 τινὰ
1049 529 1399 597 χειροποίητον
1424 530 1611 581 πυλίδα
1644 529 1872 582 ἐνταῦθα
1898 528 1931 597 ἦ
1954 528 2105 601 φύσις

297 613 520 682 ἐξεῦρεν,
567 609 599 677 ἢ
625 611 835 665 Κασπιά
859 611 911 664 ἐκ
936 616 1155 665 παλαιοῦ
1178 610 1386 681 ἐκλήθη.
1473 612 1532 666 τὸ
1569 615 1623 666 δὲ
1650 615 1851 667 ἐνθένδε
1876 617 2022 668 πεδιά
2049 616 2109 669 τέ

295 697 428 749 ἔστιν
469 692 728 761 ἶππήλατα
768 698 851 748 καὶ
887 694 1090 750 ὑδάτων
1114 703 1314 751 πολλῶν
1341 697 1559 766 ἀτεχνῶς
1584 697 1800 766 ἔμπλεα,
1846 702 1930 752 καὶ
1956 697 2144 771 χιόρα5

292 781 452 848 πολλὴ
490 778 767 849 ἱππόβοτός
802 803 856 834 τε
894 785 976 835 καὶ
1005 781 1171 844 ἄλλως
1200 780 1370 836 ὖπτιά.
1459 775 1517 834 οὗ
1547 783 1611 850 δὴ
1642 783 1709 837 τὰ
1740 783 1947 838 Οῧννων
1973 784 2101 855 ἴθνη

292 863 473 934 σχεδόν
499 886 547 918 τι
575 865 778 919 ἅπαντα
799 868 1003 938 ἵδρυται
1030 867 1144 938 ἄχρι
1171 869 1221 929 ἒς
1246 867 1339 934 τὴν
1364 869 1605 921 Μαιῶτιν
1640 866 1876 935 διήκοντα
1903 869 2098 938 λίμνην.

292 945 432 1004 ὀὗτοι
468 949 532 1018 ἢν
558 953 650 1019 μὲν
688 951 772 1004 διὰ
806 957 898 1019 τῆς
939 955 1177 1018 πυλίδος,
1224 946 1284 1019 ἧς
1326 950 1441 1021 ἄρτι
1476 949 1741 1022 ἐμνήσθην
1774 952 1917 1007 ἴωσιν
1951 956 2003 1016 ἐς
2036 954 2104 1007 τὰ

288 1039 509 1106 Περσῶν
547 1039 631 1090 καὶ
657 1034 919 1105 Ῥωμαίων
952 1037 1089 1106 ἤθη,
1149 1037 1443 1108 ἀκραιφνέσι
1478 1046 1585 1100 τοῖς
1614 1039 1789 1100 ἵπποις
1825 1039 1959 1105 ἴασι,
2016 1041 2103 1093 καὶ

288 1118 506 1194 περιόδῳ
542 1124 640 1175 τινὶ
672 1122 872 1190 οὐδαμῆ
905 1120 1155 1193 χρώμενοι
1178 1123 1296 1175 οὐδὲ
1324 1119 1668 1193 κρημνώδεσιν
1689 1120 1973 1191 ἐντυχόντες
1991 1146 2098 1192 χω-

222 1218 261 1262 C
292 1207 448 1276 ρίοις,
494 1204 572 1260 ὅτι
604 1207 677 1275 μὴ
719 1215 826 1269 τοῖς
861 1205 1172 1276 πεντήκοντα
1203 1209 1429 1269 σταδίοις
1464 1208 1664 1271 ἐκείνοις
1674 1249 1690 1274 ,
1736 1209 1876 1279 οἵπερ
1902 1210 1952 1271 ἒς
1979 1209 2101 1271 τούς
2161 1244 2167 1260 .

280 1290 530 1363 Ἰβηρίους
570 1291 722 1363 ὅρους
734 1333 750 1358 ,
799 1289 966 1363 ὥσπερ
1004 1290 1202 1363 ἐρρήθη
1216 1332 1232 1358 ,
1281 1289 1551 1360 διήκουσιν.
1639 1291 1724 1346 ἐπ’
1754 1292 1913 1356 ἄλλας
1942 1293 2002 1347 δέ
2021 1315 2100 1346 τι-
2143 1294 2157 1311 ”

285 1397 378 1439 νας
415 1375 619 1440 ἐξόδους
656 1375 815 1439 ῗόντες
847 1376 985 1451 πόνῳ
1024 1399 1078 1430 τε
1113 1381 1283 1451 πολλῷ
1320 1379 1680 1447 παραγίνονται
1705 1380 1790 1431 καὶ
1813 1379 1986 1442 ἵπποις
2007 1378 2100 1432 οὐκ
2157 1436 2162 1445 ‚

285 1460 357 1515 ἔτι
382 1468 612 1533 χρῆσθαι
637 1471 745 1524 τοῖς
769 1463 942 1524 αὐτοῖς
972 1461 1182 1530 ἔχοντες.
1270 1459 1536 1532 περιόδους
1576 1484 1630 1516 τε
1666 1463 1763 1536 γὰρ
1796 1462 1984 1526 αὖτοὺς
2007 1485 2098 1517 πε-
2154 1525 2161 1539 „,

283 1547 457 1617 ριιέναι
482 1547 674 1609 πολλὰς
711 1545 981 1617 ἐπάναγκες
1011 1550 1094 1600 καὶ
1129 1543 1322 1618 ταύτας
1354 1544 1676 1617 κρημνώδεις.
1766 1546 1887 1619 ὅπερ
1927 1549 2096 1617 ἐπειδὴ
2136 1547 2161 1609 ζ’

283 1630 309 1686 ὅ
355 1633 610 1685 Φιλίππου
641 1632 972 1703 Ἀλέξανδρος
1005 1630 1303 1700 κατενόησε,
1348 1629 1513 1695 πύλας
1550 1654 1604 1686 τε
1640 1634 1693 1687 ἐν
1723 1630 1876 1706 χώρῳ
1898 1631 2098 1702 ἕτεκτή-
2154 1694 2163 1710 η

279 1739 404 1773 νατο
435 1724 507 1790 τῷ
536 1717 775 1791 εἰρημένῳ
801 1720 883 1771 καὶ
908 1715 1253 1789 φυλακτήριον
1282 1716 1644 1786 κατεστήσατο.
1735 1717 1762 1772 ὃ
1789 1718 1852 1786 δὴ
1874 1717 2018 1772 ἄλλοι
2042 1732 2122 1773 τε
2158 1711 2161 1718 ¹

277 1805 458 1857 πολλοὶ
488 1800 754 1873 προϊόντος
776 1801 964 1875 χρόνου
990 1801 1134 1870 ἴσχον
1159 1801 1632 1871 καὶἈμβαζούκης,
1683 1797 1879 1865 Ουννος
1899 1826 1991 1872 μεν
2013 1804 2096 1874 γέ·

276 1909 391 1953 νος,
432 1886 698 1955 Ῥωμαίοις
727 1889 782 1940 δὲ
811 1891 894 1941 καὶ
912 1887 1228 1959 Ἀναστασίῳ
1251 1891 1456 1954 βασιλεῖ
1471 1890 1632 1960 φίλος.
1721 1881 1871 1951 οὗτος
1896 1889 2095 1956 Ἀμβα-

278 1971 458 2042 ζούκης
499 1974 667 2041 ἐπειδὴ
717 1972 767 2034 ἴς
806 1995 858 2026 τε
902 1977 1063 2043 γῆρας
1101 1973 1283 2043 ἀφῖκτο
1319 1973 1466 2038 βαθὺ
1503 1975 1585 2026 καὶ
1621 1977 1856 2026 τελευτᾶν
1899 1973 2088 2041 Ξζιιελλε,

207 2069 247 2114 D
277 2059 486 2128 πέμψας
523 2059 664 2130 παρὰ
700 2058 789 2112 τὸν
821 2055 1180 2123 Ἀναστάσιον,
1219 2054 1462 2129 χρήματά
1498 2059 1547 2112 οἳ
1575 2061 1796 2126 δοθῆναι
1818 2057 1956 2130 ᾔτει,
1998 2058 2094 2132 ἐφ’,
2157 2091 2161 2100 ·

388 2255 432 2298 6.
463 2245 520 2296 οὗ
551 2248 608 2308 δὴ
636 2250 694 2296 τὰ
722 2265 801 2295 om
833 2251 884 2294 A.
1058 2253 1127 2298 18.
1155 2245 1402 2305 προιόντος
1426 2251 1552 2295 libri:
1587 2253 1849 2307 περιιόντος
1873 2251 1935 2304 Ρ,
1962 2254 2011 2307 ty
1984 2266 2092 2309 ypo-

390 2311 559 2362 thetae,
587 2309 763 2366 opinor,
793 2322 951 2351 errore.
1064 2309 1165 2351 ibid.
1189 2307 1524 2366 Ἆμβαζοῦκης]
1555 2311 1811 2355 Aribazutes
1836 2308 1918 2353 RV
1945 2309 2016 2352 hic
2043 2312 2092 2352 et

388 2367 515 2413 infra.
628 2369 701 2412 21.
726 2364 881 2423 παρὰ]
909 2364 1073 2423 περὶΑ

212 2577 213 2580 ,
276 2551 318 2582 τ..
347 2537 393 2580 in
419 2535 726 2593 longitudinem
753 2539 899 2594 patet,
942 2543 987 2579 et
1014 2539 1246 2594 praerupto
1275 2539 1406 2592 atque
1432 2534 1706 2603 insuperabili
1734 2539 1875 2580 monte
1899 2537 1964 2580 sic
1995 2540 2088 2581 ter·
2138 2533 2157 2587 'J'

276 2595 487 2647 minatur,
538 2599 587 2636 ut
635 2596 774 2637 exitus
824 2608 1014 2650 prorsum
1068 2595 1203 2637 nullus
1253 2592 1600 2650 appareat.1bi
1640 2593 1814 2637 Portam
1852 2594 2086 2649 dumtaxat,
2140 2594 2158 2625 ἲ]

276 2665 403 2708 quam
433 2652 597 2693 diceres
626 2658 719 2693 arte
749 2657 794 2693 et
822 2666 941 2693 manu
969 2652 1153 2704 factam,
1195 2651 1342 2694 molita
1369 2654 1434 2693 est
1461 2651 1636 2692 natura:
1679 2665 1770 2693 eam
1807 2656 1978 2694 vetusto
2006 2666 2088 2694 no-
2124 2649 2159 2710 ῤ’

276 2709 387 2751 mine
424 2708 624 2764 Caspiam
665 2709 937 2764 appellamus,
994 2709 1108 2750 Hinc
1147 2709 1234 2750 late
1269 2721 1316 2750 se
1355 2721 1528 2762 campus
1569 2705 1708 2762 aperit
1735 2708 2004 2763 equitabilis,
2042 2711 2088 2751 et

276 2765 456 2807 ubertim
498 2766 663 2820 riguus.
739 2765 943 2819 Regionis
980 2778 1080 2819 pars
1120 2765 1300 2807 maxima
1335 2763 1495 2806 alendis
1535 2763 1657 2819 equis
1698 2765 1966 2808 accommoda
2005 2769 2086 2816 est,

274 2822 513 2878 spatiisque
552 2825 749 2887 porrecta
786 2820 1051 2877 planissimis.
1108 2821 1176 2864 Ibi
1204 2835 1346 2864 omnes
1372 2821 1466 2864 fere
1491 2820 1664 2876 populi,
1706 2835 1810 2878 quos
1839 2822 2086 2865 Hunnorum
2127 2860 2154 2871 ,.

274 2893 426 2921 nomen
456 2877 772 2934 complectitur,
810 2878 1033 2929 habitant,
1062 2892 1286 2946 eorumque
1311 2877 1436 2921 sedes
1463 2879 1518 2919 ad
1545 2878 1739 2932 paludem
1768 2892 1904 2946 usque
1932 2879 2085 2923 Maeo—

272 2937 336 2977 tin
366 2935 602 2991 pertinent.
648 2935 721 2990 qui
749 2934 788 2977 si
817 2949 895 2985 ea,
938 2935 1055 2976 cuius
1084 2935 1237 2978 mentio
1266 2935 1387 2978 modo
1413 2933 1586 2986 incidit,
1621 2941 1747 2989 porta
1774 2935 1817 2977 in
1847 2936 2004 2979 Persas
2031 2949 2084 2979 ac

270 2992 480 3035 Romanos
507 2998 742 3047 erumpant,
770 2991 1011 3034 recentibus
1038 2992 1082 3033 in
1112 2992 1232 3048 equis
1261 2990 1451 3058 expediti
1477 3005 1556 3033 nec
1584 2990 1801 3035 circuitum
1829 2992 1956 3035 ullum
1979 3006 2084 3035 con-

270 3049 442 3101 ficiunt,
483 3063 561 3091 nec
594 3054 894 3114 praeterquam
935 3048 1007 3090 illo
1046 3048 1090 3090 in
1132 3049 1306 3092 tramite
1343 3047 1571 3092 stadiorum
1600 3061 1643 3090 L.
1674 3050 1728 3091 ad
1764 3050 1931 3092 Iberiae
1959 3049 2129 3102 fines,

270 3111 321 3148 ut
351 3106 549 3159 diximus,
597 3105 882 3161 pertingenti,
922 3105 1104 3160 derupta
1133 3106 1365 3151 offendunt.
1421 3104 1516 3148 Alia
1543 3104 1580 3146 si
1620 3106 1738 3148 exire
1771 3106 1927 3158 velint,
1965 3105 2112 3148 haud
2132 3095 2157 3139 ⁹?

271 3163 363 3207 sine
391 3163 538 3205 labore
559 3162 774 3218 improbo,
802 3177 881 3204 nec
908 3162 990 3203 nisi
1017 3162 1196 3205 dimissis
1225 3163 1345 3218 equis
1372 3177 1422 3205 eo
1447 3175 1721 3218 perrumpere
1747 3163 1905 3205 valent.
1955 3163 2082 3205 Tunc
2122 3162 2156 3229 ξ

2123 3251 2153 3300 ἰ’ἲὶ

2123 3014 2154 3070 4„

2124 3014 2155 3070 3

273 3220 382 3262 enim
424 3234 500 3275 per
539 3219 799 3274 longissimos
837 3220 1034 3260 montium
1061 3219 1197 3261 flexus
1225 3222 1563 3285 praeruptosque
1591 3219 1805 3261 anfractus
1833 3224 2123 3275 perreptare

271 3290 448 3320 necesse
486 3276 657 3318 habent.
718 3277 841 3326 Quae
877 3289 967 3318 cum
1008 3275 1105 3318 olim
1142 3277 1388 3318 Alexander
1412 3274 1607 3342 Philippi
1642 3275 1756 3318 filius
1786 3276 2080 3329 intellexisset,

273 3334 433 3377 aditum
468 3332 584 3374 illum
627 3333 804 3375 munivit
843 3332 1029 3385 foribus,
1071 3336 1116 3374 et
1155 3333 1370 3375 castellum
1411 3331 1627 3398 imposuit,
1668 3331 1781 3387 quod
1817 3346 1895 3389 per
1932 3346 2080 3376 manus
2118 3330 2153 3391 lg·

270 3391 492 3434 mult-orum
534 3395 746 3445 postremo
784 3388 827 3430 in
866 3392 1120 3456 potestatem
1158 3389 1274 3431 venit
1312 3387 1563 3431 Ambazucis
1610 3390 1782 3431 natione
1820 3389 1984 3442 Hunni,
2033 3394 2080 3432 et
2118 3386 2154 3455 (ᾗ

271 3447 473 3490 Romanis
503 3453 630 3503 atque
658 3446 879 3489 Anastasio
909 3448 1020 3501 Aug.
1048 3445 1238 3500 impense
1271 3445 1405 3487 amici.
1463 3445 1548 3488 Hic
1584 3446 1708 3513 paulo
1747 3450 1970 3502 antequam
2007 3459 2078 3489 se-
2129 3425 2154 3500 Ξ.

272 3511 434 3549 nectam
461 3503 571 3547 diem
599 3505 737 3549 obiret
763 3503 846 3547 iam
874 3508 1016 3548 aetate
1043 3502 1291 3560 decrepita,
1320 3516 1401 3559 per
1424 3501 1725 3547 internuntium
1752 3503 1971 3561 pecuniam
1991 3511 2078 3560 pe·
2115 3462 2151 3548 i
