2254 3814
348 147 384 202 5
395 146 470 202 10
1098 142 1431 199 PROCOPII

346 288 502 343 αὐτὸν
538 286 654 342 οὗτε
695 290 797 338 τῶν
829 289 1154 354 στρατιωτῶν
1199 307 1313 339 τινα
1350 283 1599 350 ἔκτειναν,
1653 282 1786 337 ἀλλὰ
1820 281 2165 355 ζωγρήσαντες

341 374 588 437 ἅπαντας,
621 369 832 440 Ἶμὲριον
853 371 945 439 μὲν
970 371 1021 422 ἓν
1045 375 1246 441 φυλακῇ
1269 369 1432 439 ἔσχον,
1468 375 1541 442 τῷ
1562 370 1619 423 δὲ
1641 366 1839 444 Στότζᾳ
1861 370 1982 432 τους
2004 391 2166 440 στρα-

278 475 315 519 Β
346 457 529 519 τιώτας
557 455 878 526 παρέδοσαν,
915 453 1292 526 ὁμολογοῦντας
1319 457 1463 526 σφίσι
1491 455 1579 518 ξὺν
1605 456 1876 529 προθυμίᾳ
1901 460 2062 526 πολλῇ
2087 457 2167 508 ε’πὶ

333 543 612 610 Ῥωμαίους
650 537 1082 610 στρατεύσεσθαι·
1128 541 1217 594 τὸν
1250 540 1423 608 με’ντοι
1453 534 1694 611 ’Ῑμὲριον,
1739 538 1803 609 ἢν
1826 539 1896 607 μὴ
1921 540 1986 593 τὰ
2010 541 2165 610 ἐπαγ-

336 625 604 700 γελλόμενα
640 631 790 696 ποιῇ,
838 627 1041 680 κτείνειν
1074 626 1330 695 ἠπείλουν.
1415 622 1712 695 ἐπήγγελλον
1738 626 1795 678 δὲ
1817 622 1963 679 πόλιν
1977 624 2206 696 Ἀδρα-5

341 713 502 782 μητὸν
542 712 914 764 ἔπιθαλασσίαν
955 717 1159 782 μηχανῇ
1195 732 1293 764 τινι
1325 711 1497 782 σφίσιν
1537 712 1785 765 ἐνδοῦναι.
1872 712 1955 763 καὶ
1984 710 2091 763 ἐπεί
2118 710 2169 764 οἳ

342 799 618 868 ἲσχυρίζετο
659 797 954 870 βουλομένῳ
995 795 1146 862 εἶναι,
1198 798 1278 849 ἐπὶ
1306 796 1626 868 Ἀδραμητόν
1665 795 1758 849 σῦν
1807 793 1946 868 αὐτῷ
1993 795 2168 867 ᾔεσαν.

341 890 435 952 τῆς
474 879 667 944 πόλεως
706 881 862 952 ἀγχοῦ
902 879 1154 952 γενόμενοι
1187 879 1397 953 Ἶμέριον
1435 883 1528 950 μὲν
1567 881 1716 954 ὀλίγῳ
1749 879 2042 951 ἔμπροσθεν
2078 881 2166 944 ξῦν

342 965 682 1039 στρατιώταις
710 973 811 1021 τῶν
840 965 1036 1042 Στότζα
1065 965 1319 1036 ἑπομένων
1344 970 1472 1021 τισὶν
1495 967 1746 1035 ἔπεμψαν,
1793 967 2170 1039 Μαυρουσίους

345 1053 640 1121 δεδεμένους
668 1055 829 1121 δῆθεν
855 1054 1147 1124 ἐφέλκοντα,
1196 1052 1341 1106 αὐτοὶ
1371 1054 1424 1106 δὲ
1448 1051 1659 1106 ὄπισθεν
1686 1054 1898 1105 εἵποντο.
1983 1053 2068 1104 καὶ
2094 1056 2167 1125 τῷ
2186 1060 2239 1102 10

338 1138 533 1212 Ἱμερίῳ
572 1141 723 1192 εἷπεῒν
758 1147 865 1201 τοῖς
892 1139 1140 1209 ἐφεστῶσι
1171 1147 1284 1199 ταῖς
1310 1143 1402 1204 τῆς
1425 1133 1831 1199 πόλεως,πύλαις
1857 1135 2167 1203 ἐπέστελλον,

346 1223 417 1287 ὦς
453 1221 608 1296 νικῴη
652 1224 745 1290 μὲν
783 1223 915 1276 κατὰ
956 1220 1142 1294 κράτος
1169 1219 1195 1275 ὃ
1220 1222 1470 1289 βασιλέως
1499 1221 1745 1294 στρατὸς,
1790 1220 1896 1290 ἣξει
1923 1218 2172 1275 ὁὲἸωάν-

282 1333 320 1375 c
348 1331 439 1379 νης
475 1309 658 1362 αὐτίκα
692 1307 752 1374 δὴ
792 1305 967 1375 μάλα,
1033 1313 1238 1377 πλῆθος
1278 1309 1634 1378 Μαυρουσίων
1675 1304 1999 1378 δοριαλῶτων
2034 1305 2171 1377 ἄγων

348 1395 579 1465 ἀριθμοῦ
629 1400 892 1463 κρεῖσσον·
952 1390 1088 1447 οὕτω
1127 1414 1181 1446 τε
1218 1398 1321 1447 τῶν
1366 1398 1538 1447 πυλῶν
1578 1395 1751 1465 σφίσιν
1783 1391 2168 1463 ἀνοιγνυμένων,

347 1480 491 1543 ἐντὸς
516 1483 608 1533 τοῦ
634 1476 906 1549 περιβόλου
935 1478 1024 1542 ξὺν
1050 1486 1158 1540 τοῖς
1194 1477 1303 1546 ἅμα
1338 1477 1479 1552 αὐτῷ
1518 1481 1651 1533 ιὀὗσι
1685 1478 1936 1549 γενέσθαι.
2025 1480 2110 1531 καὶ
2139 1474 2239 1531 ὅ15

343 1567 437 1635 μὲν
480 1563 612 1619 κατὰ
651 1570 817 1618 ταῦτα
853 1565 1019 1619 ἐποίει.
1098 1563 1473 1635 Ἄδραμητηνοὶ
1500 1565 1555 1618 δὲ
1579 1563 1741 1627 οὕτως
1769 1563 2170 1632 ἐξαπατηθέντες

345 1651 444 1720 (οὗ
476 1650 574 1722 γὰρ
613 1649 839 1704 ἀπιστεῖν
878 1656 950 1723 τῷ
984 1646 1189 1703 πάντων
1216 1649 1422 1719 ἄρχοντι
1449 1655 1551 1704 τῶν
1578 1652 1630 1704 ἓν
1654 1651 1890 1724 Βυζακίῳ
1916 1669 2170 1719 στρατιω-

344 1742 449 1791 τῶν
486 1735 651 1804 εἶχον)
698 1736 792 1798 τὰς
824 1733 988 1798 πύλας
1019 1732 1428 1799 ἀναπετάσαντες
1461 1735 1582 1799 τοὺς
1617 1736 1887 1805 πολεμίους
1920 1735 2166 1804 ἐδέχοντο.

345 1818 459 1876 τότε
500 1821 564 1891 δὴ
606 1822 654 1874 οἳ
678 1821 767 1885 ξύν
794 1819 1077 1895 τῷἾμερίῳ
1107 1819 1348 1888 ἐσβάντες
1373 1818 1686 1889 σπασάμενοι
1714 1821 1778 1875 τὰ
1813 1822 1932 1891 ξίφη
1955 1820 2047 1883 τὰς
2070 1815 2170 1873 πύ-

348 1913 442 1970 λας
468 1907 747 1960 ἐπιτιθέναι
770 1907 889 1970 τοὺς
914 1905 1078 1978 ταύτῃ
1102 1904 1336 1978 φύλακας
1361 1907 1452 1961 οὒκ
1474 1905 1546 1961 ἔτι
1570 1906 1683 1961 εἶ’ων
1696 1948 1713 1973 ,
1753 1906 1886 1960 ἀλλὰ
1915 1902 2082 1959 πάντα
2106 1909 2168 1977 τῇ
2183 1915 2240 1959 ΞΟ

344 1991 486 2046 πόλει
515 1992 696 2046 αὐτίκα
721 1992 952 2055 ἐδέξαντο
976 1993 1063 2046 τὸν
1089 1997 1191 2046 τῶν
1215 1994 1570 2064 Μαυρουσίων
1599 1989 1836 2063 στρατόν.
1924 1988 2169 2060 ληισοῖμε-

278 2090 320 2133 D
350 2080 431 2133 νοί
464 2099 517 2132 τε
551 2077 712 2147 αὐτὴν
755 2079 804 2132 οἱ
838 2075 1099 2150 βάρβαροι
1124 2079 1209 2131 καὶ
1236 2075 1471 2150 φύλακας
1495 2075 1936 2148 καταστησάμενοι
1972 2075 2168 2146 ὀλίγους

461 2254 504 2300 4.
534 2253 894 2311 στρατεύσεσθαι
920 2255 1085 2299 ALPm.
1144 2254 1515 2311 στρατεύσασθαι
1540 2255 1636 2300 ΗΡ.
1801 2258 1844 2303 5.
1873 2252 2168 2311 ἐπήγγελλον]

461 2310 695 2369 ἐπήγγελλε
724 2314 782 2360 Η.
951 2317 1019 2357 10.
1052 2313 1200 2368 δῆθεν
1228 2313 1360 2359 AHL.
1419 2316 1567 2372 δῆθεν
1594 2314 1661 2370 τῷ
1687 2311 1802 2371 λόγῳ
1830 2313 1866 2356 Ρ
1895 2327 1947 2357 ex
1976 2312 2171 2355 Maltreti

462 2372 719 2415 coniectura.
856 2371 925 2415 13.
957 2369 1279 2427 ὃοριαλαὶτων]
1309 2372 1448 2429 Vulgo
1479 2370 1795 2430 δορυαλώτων.
1923 2370 1990 2414 16.
2014 2367 2170 2427 Ἀδρα-

464 2428 686 2486 μητηνοὶ]
717 2428 854 2485 Vulgo
878 2427 1213 2486 Ἀδραμητινοὶ.

349 2597 508 2642 liamnt
535 2597 627 2642 vita
654 2598 858 2655 Barbari,
909 2599 988 2643 sed
1016 2614 1108 2644 cum
1136 2615 1278 2645 omnes
1306 2600 1521 2658 cepissent
1547 2599 1696 2654 vivos,
1735 2598 1924 2643 Himerio
1954 2598 1997 2642 in
2027 2602 2170 2642 custo-

348 2655 461 2698 diam
491 2656 618 2708 dato,
657 2657 840 2708 milites,
877 2672 925 2700 se
953 2657 997 2700 in
1027 2657 1237 2702 Romanos
1276 2673 1394 2702 arma
1422 2660 1583 2701 laturos
1612 2671 1763 2714 magno
1791 2656 1934 2699 studio
1965 2656 2171 2714 pollicen-

298 2762 306 2770 ,
348 2716 433 2764 tes,
463 2713 624 2756 Stozae
653 2714 944 2757 tradiderunt:
986 2715 1176 2759 Himerio
1209 2721 1398 2769 mortem,
1427 2715 1508 2759 nisi
1535 2716 1746 2773 imperata
1772 2716 1949 2765 faceret,
1981 2714 2172 2756 intenta·
2235 2766 2238 2771 ι

346 2773 462 2813 runt.
521 2770 780 2814 Mandarunt
807 2778 960 2823 autem,
999 2773 1146 2830 aliqua
1173 2779 1268 2817 arte
1297 2774 1504 2826 efficeret,
1544 2778 1594 2815 ut
1620 2773 1865 2824 Adrumeto,
1906 2771 2015 2814 urbe
2043 2771 2173 2813 mari·
2238 2796 2241 2797 ν

348 2827 477 2878 tima,
508 2827 759 2883 potirentur.
819 2829 883 2872 Ut
910 2829 1140 2873 collibitum
1169 2830 1214 2874 id
1242 2831 1325 2874 sibi
1352 2845 1447 2874 esse
1474 2829 1740 2874 asseveravit
1763 2827 2004 2880 Himerius,
2031 2827 2171 2870 Adru-

350 2888 503 2927 metum
531 2898 624 2927 cum
646 2900 696 2928 eo
720 2890 885 2942 petunt.
946 2887 1053 2930 Urbi
1076 2888 1158 2931 iam
1188 2888 1428 2946 propinqui,
1457 2887 1572 2931 illum
1604 2887 1766 2930 modico
1794 2885 2019 2928 intervallo
2042 2898 2171 2941 prae-

347 2940 546 2993 mittunt,
589 2943 799 2986 nonnullis
827 2946 985 2987 Stozae
1012 2945 1214 2988 militibus
1241 2946 1466 3002 stipatum,
1508 2952 1555 2988 et
1581 2945 1756 2988 Mauros
1783 2943 1828 2985 in
1857 2941 2039 2998 speciem
2058 2940 2170 2983 ·vin-

347 3003 441 3042 ctos
470 2998 704 3041 trahentem
732 2999 921 3052 interea,
951 3001 1046 3044 dum
1075 3002 1158 3059 ipsi
1186 3004 1559 3059 subsequerentur.
1616 3003 1738 3045 Haec
1764 3004 1904 3043 autem
1934 3013 2173 3055 praecepe-

346 3058 461 3106 rant,
489 3055 705 3099 nuntiaret
728 3065 880 3112 portae
910 3059 1172 3112 custodibus,
1201 3060 1247 3103 vi
1274 3060 1431 3102 victum
1461 3075 1511 3102 ac
1538 3060 1676 3102 fusum
1704 3059 1868 3100 hostem
1897 3057 1951 3098 ab
1980 3056 2171 3112 Impera-

345 3112 454 3155 toris
484 3113 690 3164 exercitu,
716 3128 896 3171 moxque
926 3117 1151 3159 affuturum
1174 3118 1368 3160 Ioannem
1398 3132 1489 3160 cum
1511 3116 1752 3158 Maurorum
1784 3113 2052 3168 captivorum
2076 3117 2172 3156 tur-

346 3170 404 3212 ba
431 3168 750 3212 innumerabili:
794 3179 882 3213 tum
911 3173 1080 3215 reclusa
1108 3181 1262 3229 porta,
1295 3175 1440 3217 urbem
1469 3187 1560 3216 cum
1587 3171 1788 3214 comitatu
1817 3171 2010 3213 intraret.
2071 3170 2171 3213 Mo-

347 3240 436 3269 rem
464 3227 503 3269 is
532 3226 687 3283 gessit,
725 3228 874 3284 itaque
903 3230 1074 3286 decepti
1105 3231 1392 3284 Adrumetini‚
1436 3245 1526 3274 cum
1556 3229 1661 3271 nihil
1687 3234 1802 3271 esset
1830 3242 1903 3270 cur
1934 3226 2031 3270 duci
2059 3226 2170 3269 mili-

348 3288 436 3326 tum
466 3285 671 3336 omnium,
703 3285 777 3340 qui
805 3286 850 3328 in
878 3287 1066 3343 Byzacio
1096 3287 1344 3339 alebantur,
1376 3285 1658 3339 diffiderent,
1687 3291 1880 3328 reserata
1910 3290 2059 3342 porta,
2090 3285 2170 3326 ho-

349 3347 439 3383 stes
469 3350 744 3399 acceperunt.
807 3344 893 3395 Qui
922 3359 1013 3386 cum
1042 3344 1232 3386 Himerio
1258 3344 1440 3401 ingressi
1469 3350 1614 3396 erant,
1657 3343 1824 3386 eductis
1854 3343 2047 3399 protinus
2075 3342 2171 3396 gla-

352 3396 458 3449 diis,
505 3413 559 3440 ne
599 3405 768 3456 portam
799 3401 1000 3444 custodes
1041 3402 1289 3445 clauderent
1329 3401 1607 3458 prohibuere,
1653 3414 1897 3455 omnemque
1925 3399 2169 3441 Maurorum

354 3455 584 3500 exercitum
611 3455 874 3504 admiserunt
901 3458 946 3503 in
973 3459 1140 3503 urbem:
1185 3474 1272 3517 qua
1299 3459 1481 3517 direpta,
1512 3473 1565 3505 ac
1592 3473 1726 3516 parvo
1755 3457 1914 3500 munita
1942 3454 2169 3513 praesidio,
