2150 3834
305 273 346 332 4
971 271 1463 329 ARGUMENTUM.

303 416 642 488 ’Ῑουστινιανῷ
664 418 735 488 τῷ
751 406 1017 481 Ῥωμαίων
1045 411 1383 486 αὐτοκράτορι
1414 411 1884 482 διαπεπολέμηνται,
1913 408 2129 475 τούτους

308 504 364 556 δὲ
393 500 624 562 ἅπαντας
654 500 708 551 ἐκ
733 504 836 551 τῶν
858 500 1157 570 Προκοπίου
1184 497 1347 570 λόγων
1372 498 1558 571 ἄριστα
1582 498 1644 552 ἂν
1668 498 1936 568 διαγνοίης,
1980 502 2030 550 Γ
2028 500 2129 550 ελί-

239 599 279 643 D
308 583 439 658 μερά
467 607 520 640 τε
541 585 629 638 τὸν
658 585 914 636 Βανόίλον
928 624 946 649 ,
992 586 1075 637 καὶ
1100 581 1414 653 Καρχηδόνα
1439 584 1532 652 τὴν
1555 580 1730 650 πόλιν,
1775 584 1858 635 καὶ
1883 581 1974 649 τὴν
2000 579 2128 649 ξύμ-

305 691 477 725 πασαν
498 666 672 739 χώραν
700 667 1023 738 τῶν’Άφρων
1053 667 1154 722 ἀπὸ
1190 668 1495 739 Βονιφατίου
1528 689 1583 721 τε
1618 669 1702 720 καὶ
1739 671 1790 719 Γ
1786 667 2001 736 εζερίχου
2043 667 2129 718 καὶ

305 761 399 824 τῆς
429 755 481 807 ἓν
510 759 582 824 τῷ
606 748 719 805 τότε
752 750 1081 815 ἀποστάσεως
1121 759 1327 814 πολλοῖς
1364 751 1577 821 ὕστερον
1598 749 1804 822 χρόνοις
1831 751 2150 808 ’Iuvanum-1

305 845 379 912 νῷ
418 839 789 903 ὃουλωθεῒσαν,
836 840 918 890 καὶ
942 836 1094 892 πάλιν
1120 843 1212 906 τῆς
1244 836 1504 904 Ῥωμαίων
1531 838 1847 906 ἐπικρατείας
1868 835 2022 904 μέρος
2039 855 2129 905 γε-

301 922 589 995 γενημένην.
674 922 803 990 μετὰ
844 924 900 975 δὲ
932 923 1024 990 τὴν
1054 929 1157 976 τῶν
1189 924 1461 990 ΒανὸιἊων
1497 917 1801 985 κατάλυσιν,
1838 921 1922 972 καὶ
1960 918 2058 972 ὅσα
2079 920 2131 972 οἳ

180 1017 218 1061 P
246 1015 276 1061 2
303 1005 637 1078 Μαυρούσιοι
675 1006 733 1059 τὸ
771 1005 924 1069 ἴθνος
963 1005 1183 1078 ἔδρασάν
1215 1027 1268 1059 τε
1305 1009 1390 1059 καὶ
1421 1003 1709 1059 πεπόνθασι
1744 1009 2002 1072 πολλαχοῦ
2037 1009 2150 1072 τῆςᾸ

299 1091 512 1161 Λιβύης
562 1091 693 1145 κατὰ
739 1089 1000 1158 Ῥωμαίων
1037 1088 1506 1163 παραταττόμενοι·
1566 1088 1645 1143 ἔτι
1684 1111 1737 1143 τε
1780 1086 2006 1153 Στότζας
2045 1090 2131 1141 καὶ

300 1183 351 1234 Γ
349 1176 562 1247 όνθαρις
601 1174 864 1242 Ῥωμαίων
908 1177 999 1244 μὲν
1042 1175 1231 1244 ἤστην,
1279 1169 1514 1246 τυράννω
1548 1175 1604 1227 δὲ
1643 1171 1954 1228 καταστάντε
1989 1173 2129 1242 μεγί-

301 1283 438 1318 στων
473 1265 754 1331 συμφορῶν
784 1282 838 1313 τε
865 1263 948 1313 καὶ
973 1258 1200 1314 στάσεων
1239 1257 1524 1314 αι’τιωτάτω
1551 1264 1617 1330 τῇ
1637 1256 1820 1329 Λιβύῃ
1843 1255 2126 1328 γεγόνατον,

300 1351 385 1402 καὶ
406 1345 475 1410 ὥς
505 1345 565 1400 οὗ
590 1342 835 1416 πρότερον
862 1343 1091 1416 ἐλώφησε
1116 1346 1183 1398 τὰ
1205 1345 1359 1409 δεινὰ,
1407 1346 1525 1415 πρὶν
1551 1345 1717 1398 ἐκείνω
1741 1345 1813 1397 τώ
1839 1343 1991 1412 ἄνδρε
2016 1345 2132 1396 δια-

302 1437 587 1505 φθαρῆναι.
628 1415 633 1419 ἱ
675 1429 806 1482 ἀλλὰ
847 1432 931 1483 καὶ
967 1427 1090 1483 τάδε
1126 1430 1295 1497 ἀμέλει
1321 1428 1525 1482 ἅπαντα
1556 1427 1722 1499 εὕροις
1758 1449 1811 1498 γε
1839 1427 1901 1481 ἂν
1929 1430 1980 1482 ἐν
2006 1428 2132 1480 ἐκεί-

234 1532 273 1574 Β
303 1538 435 1582 νοις,
482 1514 618 1574 ὅπως
653 1535 706 1566 τε
730 1512 761 1582 ἦ
789 1513 966 1576 στάσις
1000 1512 1033 1582 ἦ
1058 1511 1374 1584 ἐμφύλιος-ἓν
1413 1515 1678 1586 Βυζαντίῳ
1701 1512 1832 1566 κατὰ
1855 1518 1947 1565 τοῦ
1975 1518 2130 1580 βασι-

301 1603 429 1663 λέως
454 1599 676 1669 ἀρθεῖσα
714 1601 799 1651 καὶ
822 1598 902 1651 ἐπὶ
926 1597 1054 1666 μέγα
1093 1603 1250 1652 κακοῦ
1278 1597 1526 1668 ἀφιγμένη
1555 1597 1623 1650 τὰ
1659 1598 1802 1650 κοινὰ
1825 1594 2124 1666 ἐδηλήσατο,

299 1683 393 1748 τάς
414 1706 468 1738 τε
490 1688 593 1737 τῶν
623 1680 831 1737 Οῧννων
854 1683 1150 1753 ἐπιδρομὰς,
1194 1681 1262 1745 ὥς
1285 1683 1346 1751 δὴ
1374 1684 1426 1735 ἓν
1458 1687 1532 1755 τῷ
1558 1678 1672 1736 τότε
1693 1682 1782 1736 τὸν
1801 1682 2000 1753 Ἴστρον
2033 1703 2132 1734 πο-

299 1770 465 1839 ταμὸν
498 1769 869 1834 περαιωθέντες
909 1769 1119 1837 μέγιστα
1159 1765 1242 1821 οἷα
1267 1767 1360 1836 τὴν
1375 1765 1639 1833 Ῥωμαίων
1663 1766 1824 1837 ἀρχὴν
1845 1764 2099 1835 ἐλυμήναν

297 1878 390 1920 το,
428 1849 705 1921 Ἰλλυριούς
741 1874 794 1905 τε
834 1855 917 1905 καὶ
955 1853 1250 1914 Θετταλοῦς
1288 1853 1371 1904 καὶ
1403 1851 1468 1904 τὰ
1506 1856 1716 1904 πλεῖστα
1750 1857 1842 1919 τῆς
1875 1850 2099 1923 Εὐρώπη

297 1935 605 2009 ληϊσάμενοι,
636 1938 789 2007 μέρος
814 1938 873 1990 δέ
892 1959 940 1990 τι
966 1939 1047 1991 καὶ
1074 1942 1166 2006 τῆς
1186 1936 1375 2002 Ἀσίας,
1406 1935 1495 1989 τὸν
1511 1933 1882 2005 Ἑλλήσποντον
1913 1935 2099 2004 διαβάν

298 2045 398 2086 τες.
485 2020 697 2092 Σουρών
720 2023 774 2074 δὲ
795 2017 827 2089 ἡ
856 2020 999 2084 πόλις
1022 2020 1054 2090 ἢ
1081 2023 1132 2075 ἐν
1156 2023 1319 2096 Συρίᾳ
1341 2023 1424 2074 καὶ
1450 2021 1672 2091 Βέρροια
1700 2023 1782 2074 καὶ
1797 2019 2070 2090 Ἀντιόχεια
2095 2018 2127 2090 ἦ

235 2119 273 2162 C
303 2109 430 2180 πρὸς
450 2103 665 2176 Ὀρόντῃ
690 2113 904 2179 ποταμῷ
932 2105 1069 2169 ὅπως
1102 2104 1406 2177 οἰκτρότατα
1430 2103 1531 2159 ’ὕπὸ
1563 2100 1803 2176 Χοσρόου
1828 2104 2098 2178 πεπόρθην

298 2216 406 2260 ται,
451 2189 544 2259 τήν
569 2211 623 2244 τε
640 2191 880 2261 Ἐδέσσης
903 2194 1213 2264 πολιορκίαν,
1258 2194 1341 2244 καὶ
1364 2189 1503 2253 ὅπως
1528 2192 1731 2245 ἐνθένδε
1754 2191 2099 2263 ἀποκρουσθεὶ

411 2370 455 2413 2.
502 2359 722 2423 Γελίμερα
746 2365 1027 2410 Niebuhrius.
1083 2365 1271 2420 Γελίμερ
1296 2365 1348 2408 Ρ.
1503 2367 1544 2412 8.
1583 2366 1687 2423 τῆς]
1721 2383 1769 2412 τε
1792 2369 1847 2415 R.
1992 2371 2035 2413 9.
2063 2371 2106 2414 λι

411 2422 531 2483 βύης
550 2425 602 2465 R.
662 2422 821 2480 λιβύας
842 2425 892 2466 Ρ.
1049 2426 1118 2468 11.
1147 2425 1203 2479 τῇ
1224 2421 1388 2480 λιβύῃ]
1419 2424 1502 2479 τῆς
1520 2423 1680 2483 λιβύης
1704 2426 1757 2468 R.
1901 2426 1970 2470 16.
2004 2424 2065 2477 ὡς

412 2495 524 2525 corr.
550 2495 627 2536 pro
654 2478 719 2532 ὃς.
779 2479 826 2524 οἳ
847 2480 897 2521 Ρ.
1044 2483 1112 2525 18.
1148 2478 1412 2539 Ἰλλυριούς]
1456 2483 1687 2540 ἰλλυρίους
1708 2483 1762 2527 Ρ.
1906 2487 1976 2529 19.
2014 2481 2097 2528 τὸν

413 2537 500 2594 τὴν
528 2539 584 2580 R.
710 2539 780 2580 20.
810 2534 992 2592 σουρών
1017 2537 1070 2583 R.
1127 2540 1308 2596 σουρῶν
1328 2538 1382 2582 Ρ.

302 2705 561 2750 Iustinianus
583 2704 799 2760 Augustus
821 2704 969 2761 gessit.
1017 2706 1139 2751 Haec
1160 2707 1295 2752 omnia
1318 2724 1344 2753 e
1362 2709 1562 2767 Procopii
1581 2707 1701 2753 libris
1725 2709 1848 2766 plane
1867 2722 2098 2765 cognosces

304 2765 410 2806 item
445 2763 700 2805 Gelimerem
730 2763 988 2814 Vafflalum,
1018 2770 1063 2807 et
1086 2766 1580 2822 urbem-Carthaginem,
1610 2767 1801 2823 adeoque
1822 2767 2009 2810 Africam
2030 2767 2103 2810 uni

303 2833 472 2862 versam
510 2819 636 2874 longo
671 2818 896 2861 intervallo
933 2827 1031 2876 post
1052 2821 1264 2867 Bonifacii
1284 2838 1336 2866 ac
1360 2824 1561 2867 Gezerici
1584 2828 1776 2881 tempora
1798 2829 2017 2879 ortamque
2035 2831 2082 2867 tu

309 2876 595 2918 defectionem
631 2874 677 2918 in
710 2881 966 2932 potestatem
1000 2879 1169 2923 venisse
1202 2879 1448 2935 Iustiniani,
1482 2886 1610 2936 atque
1630 2880 1691 2923 ita
1712 2880 1921 2924 redditam
1941 2881 2094 2938 Imperi

309 2934 499 2976 Romano
530 2946 649 2974 suam
682 2932 791 2975 hanc
821 2939 999 2988 partem.
1057 2933 1162 2978 Post
1186 2936 1470 2980 Vandalorum
1486 2937 1717 2990 excidium,
1744 2937 1873 2981 habes
1897 2951 2104 2993 quaecum

308 3003 392 3046 que
422 2989 592 3040 Mauri,
619 2988 760 3031 multis
793 2990 838 3031 in
868 2990 973 3033 locis
1008 2991 1180 3035 Africae
1214 3008 1307 3036 cum
1343 2993 1543 3037 Romanis
1577 3008 1654 3036 con
1711 2994 1815 3045 essi,
1845 2999 1889 3036 et
1911 2996 2054 3037 fecere

306 3045 426 3102 passi
460 3050 583 3088 sunt:
611 3045 766 3088 deinde
787 3047 968 3090 Stotzae
993 3055 1039 3090 et
1061 3049 1364 3101 Gontbaridis,
1395 3051 1467 3106 qui
1500 3056 1644 3108 partes
1706 3064 1947 3094 omanorum
1966 3052 2075 3107 vsequ

310 3104 465 3145 bantur
482 3133 494 3155 ‚
523 3102 816 3159 tyrannidem,
846 3109 891 3146 et
910 3104 1009 3145 hinc
1033 3110 1156 3147 natas
1179 3107 1441 3150 calamitates
1463 3122 1514 3151 ac
1532 3107 1761 3151 seditiones
1784 3107 1986 3149 maximas
2008 3109 2067 3151 Af

312 3173 415 3210 cae,
444 3173 523 3202 nec
545 3158 628 3200 nisi
649 3158 872 3215 utriusque
898 3160 980 3202 viri
999 3161 1131 3205 caede
1151 3178 1201 3205 ac
1220 3164 1424 3219 sanguine
1443 3164 1669 3207 extinctas.
1727 3165 1846 3206 Haec
1874 3164 2030 3207 ibidem
2054 3179 2076 3207 r
2092 3164 2103 3171 ‘

311 3215 477 3273 peries:
518 3215 861 3271 quemadmodum
892 3217 1047 3260 seditio
1076 3219 1215 3262 civilis
1243 3226 1395 3263 contra
1424 3220 1653 3263 Caesarem
1689 3221 1877 3264 excitata
1910 3221 2057 3277 Byzan
2078 3221 2090 3232 ⁸

312 3271 500 3316 evaserit
516 3271 562 3313 in
579 3286 769 3326 magnam
793 3273 1046 3329 perniciem,
1075 3289 1250 3332 remque
1268 3276 1476 3333 publicam
1495 3277 1780 3322 labefactarit.
1834 3276 1956 3321 Adde
1977 3278 2074 3320 incu
2091 3278 2099 3283 ⁴

313 3330 456 3372 siones
479 3328 751 3371 Hunnorum:
780 3329 853 3386 qui
877 3331 988 3374 Istro
1011 3338 1111 3374 tunc
1141 3333 1344 3386 transito,
1373 3333 1614 3389 Illyricum,
1641 3333 1926 3387 Thessaliam,
1957 3340 2001 3377 et
2032 3335 2076 3391 pl

314 3399 471 3442 resque
504 3385 703 3441 Europae
736 3386 1004 3442 provincias3
1031 3388 1211 3433 traiecto
1238 3390 1402 3432 demum
1423 3391 1728 3447 Hellesponto,
1756 3397 1919 3445 partem
1940 3391 2054 3447 aliqu

316 3442 445 3486 Asiae
478 3442 692 3498 populati,
718 3442 945 3500 Imperium
977 3445 1209 3488 Romanum
1242 3446 1404 3490 damnis
1427 3447 1687 3503 gravissimis
1707 3448 1958 3492 affecerunt.
2012 3448 2062 3490 111

316 3498 468 3552 etiam,
495 3505 545 3541 ut
577 3498 622 3540 in
653 3499 782 3555 Syria
816 3514 844 3543 a.
874 3502 1067 3545 Chosroe
1090 3503 1191 3545 urbs
1212 3503 1350 3556 Sura,
1379 3504 1620 3557 Berrhoea,
1651 3509 1698 3548 et
1725 3505 1811 3547 sita
1831 3506 1888 3548 ad
1914 3505 2055 3547 Oront

315 3555 491 3601 fluvium
525 3555 751 3600 Antiochia
786 3557 1019 3603 miserrime
1051 3558 1247 3617 direptae
1284 3560 1466 3605 fuerint:
1508 3567 1557 3605 ut
1587 3562 1698 3606 idem
1730 3561 1870 3607 cincta
1901 3561 2064 3606 obsidio
