2184 3822
266 151 382 210 104
1012 147 1346 202 PROCOPII
1387 147 1397 151 ’

259 293 447 361 βάται,
495 290 617 356 τούς
638 314 691 347 τε
719 290 904 351 ἄλλους
945 287 1127 352 θεοὺς,
1176 287 1362 357 οῧσπερ
1391 287 1628 357 Ἕλληνες
1671 288 1930 356 νομίζουσι
1956 286 2088 342 πάν-

112 401 147 443 Ρ
178 401 235 445 60
264 401 387 446 τας,
436 382 519 432 καὶ
544 377 636 446 τήν
662 398 715 430 τε
737 372 862 428 Ἶσιν
890 371 980 426 τόν
1003 395 1056 425 τε
1081 372 1280 444 Ὄσιριν
1306 374 1513 441 σέβουσι
1530 415 1545 439 ,
1590 374 1673 426 καὶ
1707 373 1800 441 οὐχ
1828 370 2009 440 ’ἥκιστά
2037 396 2089 443 γε

261 466 352 519 τὸν
373 465 631 534 Πρίαπον.
722 460 770 512 οἳ
793 459 967 527 με’ντοι
994 457 1223 523 Βλὲμυες
1245 461 1328 512 καὶ
1355 456 1665 528 ἀνθρώπους
1698 464 1771 530 τῷ
1794 455 1921 531 ἡλίῳ
1942 456 2090 511 θύειν

262 547 495 603 εῗώθασι.
583 549 750 599 ταῦτα
783 544 840 597 δὲ
865 544 930 596 τὰ
955 544 1007 597 ἐν
1042 546 1224 606 Φίλαις
1262 544 1372 615 ἱερὰ
1399 537 1540 597 οὗτοι
1565 544 1628 610 δὴ
1661 544 1708 596 οἶ
1729 540 1989 613 βάρβαροι
2009 546 2092 595 καὶ

264 636 316 696 ἐς
348 635 433 700 ἐμὲ
472 629 631 699 εἶχον,
678 628 810 682 ἀλλὰ
839 629 1078 694 βασιλεὺς
1116 629 1248 682 αὐτοὶ
1283 627 1637 690 Ἰουστινιανὸς
1675 633 1911 681 καθελεῖν
1947 628 2134 698 ἴγνω.5

263 721 481 788 Ναρσῆς
504 720 647 785 γοῦν,
681 713 1065 785 Περσαρμένιος
1088 715 1244 784 γένος,
1291 707 1351 768 οὗ
1378 711 1609 784 πρόσθεν
1634 711 1721 766 ἅτε
1743 712 2097 782 ηὐτομοληκό-

109 825 153 868 Η
181 824 239 871 34
267 823 355 863 τος
379 803 428 863 ἒς
445 799 728 867 Ῥωμαίους
759 798 1044 868 ἐμνήσθην,
1089 805 1191 852 τῶν
1220 800 1378 870 ἐκείνῃ
1405 803 1731 868 στρατιωτῶν
1756 798 1926 868 ἅρχων
1952 795 2019 851 τά
2043 820 2097 852 τε

266 886 377 958 ἱερὰ
401 891 637 953 καθεῖλε,
672 884 925 953 βασιλέως
959 885 1008 937 οἳ
1035 886 1418 955 ἐπαγγείλαντος
1429 924 1445 949 ,
1491 885 1576 936 καὶ
1616 882 1736 945 τοὺς
1758 885 1850 950 μὲν
1877 884 2022 953 ἱερεῖς
2045 886 2097 937 ἐν

268 977 473 1044 φυλακῇ
515 970 652 1039 ἴσχε,
700 970 768 1023 τὰ
798 971 854 1023 δὲ
881 966 1150 1038 ἀγάλματα
1184 971 1235 1031 ἒς
1272 966 1551 1034 Βυζάντιον
1587 966 1824 1036 ἔπεμψεν.
1912 969 2008 1038 ἐγὼ
2043 971 2099 1022 δὲ

263 1060 345 1111 ἐπὶ
369 1057 459 1111 τὸν
486 1055 734 1128 πρότερον
765 1053 914 1125 λόγον
937 1052 1179 1123 ἐπάνειμι.
2113 1066 2175 1110 10

200 1161 238 1203 Β
439 1139 501 1196 κ’.
585 1138 714 1194 ’Υπὸ
753 1141 875 1202 τοὺς
900 1137 1117 1211 χρόνους
1140 1145 1233 1193 τοῦ
1260 1139 1483 1208 πολέμου
1510 1140 1661 1192 τοῦδε
1680 1135 2047 1207 Ἑλλησθεαΐος
2072 1135 2098 1190 ὃ

263 1233 368 1282 τῶν
390 1223 673 1280 Αἰθιόπων
697 1226 935 1292 βασιλεὺς
948 1267 964 1291 ,
1012 1222 1326 1295 Χριστιανός
1362 1245 1415 1277 τε
1443 1223 1513 1278 ὢν
1538 1225 1623 1277 καὶ
1656 1222 1808 1292 δόξης
1848 1225 2004 1290 τῆσδε
2033 1220 2103 1285 ὥς

263 1311 488 1380 μάλιστα
530 1309 919 1379 ἐπιμελούμενος
931 1351 947 1376 ,
987 1311 1154 1378 ἐπειδὴ
1175 1308 1463 1381 (Ομηριτῶν
1487 1315 1590 1363 τῶν
1614 1309 1886 1380 ἀντιπέρας
1909 1308 2102 1381 ἠπείρῳ

264 1398 391 1468 ἔγνω
432 1396 656 1457 πολλοὺς
678 1398 770 1462 μὲν
804 1396 1086 1457 Ἰουδαίους
1128 1394 1307 1460 ὄντας,
1358 1395 1582 1456 πολλοὺς
1617 1395 1673 1446 δὲ
1697 1391 1852 1457 δόξαν
1877 1393 1972 1459 τὴν
1999 1415 2103 1446 πα-

266 1483 416 1535 λαιὰν
455 1481 730 1548 σέβοντας,
782 1478 842 1547 ἣν
882 1481 946 1548 δὴ
982 1470 1223 1534 καλοῦσιν
1259 1477 1552 1548 Ἑλληνικὴν
1599 1479 1645 1532 οἶ
1679 1484 1770 1532 νῦν
1813 1477 2100 1549 ἄνθρωποι,
2117 1491 2173 1535 15

266 1570 479 1637 ἐπιβολῇ
501 1565 687 1635 με’τρον
718 1565 809 1619 οὒκ
842 1562 1028 1637 ἐχούσῃ
1058 1567 1107 1628 ἐς
1135 1565 1257 1627 τοὺς
1294 1565 1453 1635 ἐκείνῃ
1478 1563 1826 1634 Χριστιανοὺς
1846 1569 2100 1635 χρῆσθαι,

268 1650 454 1706 στόλον
478 1672 533 1704 τε
559 1655 695 1719 νηῶν
724 1652 807 1704 καὶ
831 1647 1124 1721 στράτευμα
1152 1651 1354 1721 ἀγείρας
1379 1649 1452 1702 ἐπ’
1489 1650 1678 1711 αὐτοὺς
1700 1644 1848 1717 ἦλθε,
1893 1652 1977 1703 καὶ
2001 1649 2106 1718 μά-

266 1760 335 1808 χῃ
367 1734 579 1804 νικήσας
611 1732 702 1789 τόν
729 1757 782 1789 τε
807 1736 1023 1803 βασιλέα
1050 1739 1133 1789 καὶ
1160 1741 1262 1789 τῶν
1293 1733 1583 1806 Ὁμηριτῶν
1618 1734 1840 1797 πολλοὺς
1875 1734 2101 1801 ἔκτεινεν,

206 1832 243 1874 C
274 1823 427 1875 ἄλλον
454 1842 507 1875 τε
534 1818 726 1874 αὐτόθι
750 1821 1067 1892 Χριστιανὸν
1089 1819 1306 1887 βασιλέα
1331 1818 1795 1890 καταστησάμενος,
1826 1818 2105 1891 Ὁμηρίτην

270 1908 364 1975 μὲν
386 1905 555 1976 γένος,
604 1904 767 1972 ὄνομα
790 1908 844 1959 δὲ
867 1907 1198 1977 Ἐσιμφαῖον,
1246 1903 1408 1976 φόρον
1432 1927 1486 1959 τε
1522 1905 1662 1978 αὐτῷ
1688 1903 1846 1968 τάξας
1869 1909 2103 1972 Αἰθίοψι
2116 1918 2174 1962 20

271 1992 440 2064 φέρειν
466 1991 564 2044 ἀνὰ
589 1996 690 2043 πᾶν
715 1989 853 2058 ἔτος,
902 1992 984 2044 ἐπ’
1017 1992 1157 2045 οἴκου
1185 1987 1486 2060 ἀνεχώρησε.
1577 1988 1762 2044 τούτου
1791 1997 1882 2046 τοῦ
1908 1991 2107 2045 Αἰθιό-

271 2098 382 2131 πων
406 2081 633 2147 στρατοῦ
658 2078 838 2130 δοῦλοί
861 2098 914 2130 τε
943 2080 1122 2131 πολλοὶ
1161 2078 1241 2129 καὶ
1269 2076 1381 2129 ὅσοι
1406 2078 1698 2145 ἐπιτηδείως
1723 2078 1773 2139 ἐς
1795 2077 1854 2131 τὸ
1885 2099 2107 2148 κακουρ-

386 2228 457 2271 11.
487 2225 784 2282 ἑλλησθεαῒος
803 2228 899 2271 HL.
956 2231 1257 2279 Εὶλισθεαῒος
1276 2227 1329 2269 Ρ.
1373 2227 1666 2271 Hellisthaeus
1695 2226 1766 2269 hic
1794 2230 1841 2269 et
1867 2225 1981 2268 infra
2010 2226 2108 2271 RV.

386 2286 457 2329 13.
489 2286 584 2328 τῶν
613 2280 858 2341 ἀντιπέρας
886 2282 1060 2344 ἠπείρῳ
1102 2287 1238 2331 AHL.
1295 2284 1390 2328 τῶν
1425 2285 1507 2341 τῆς
1542 2282 1792 2342 ἀντιπέρας
1817 2281 2014 2341 ἠπείρου
2054 2285 2104 2330 P.

386 2343 458 2386 17.
488 2338 699 2399 ἀγείρας]
735 2341 912 2399 ἐγείρας
942 2345 999 2386 H.
1118 2346 1189 2388 20.
1219 2338 1530 2398 ,,Ἐσιμφαῖον
1559 2344 1700 2398 Reg.“
1730 2343 1883 2385 Mum.
1940 2339 2108 2400 Ἐσιμι..

384 2401 530 2454 φαῒον
559 2401 622 2456 Ρ,
658 2407 704 2444 et
730 2401 845 2444 infra
870 2404 1116 2445 constanter
1137 2397 1396 2457 Ἐσιμιφ-.
1458 2399 1584 2453 Quod
1611 2399 1722 2456 legit
1747 2399 1843 2442 RV.

271 2525 507 2570 Gentilium
531 2527 672 2579 Deos,
700 2531 790 2570 tum
818 2527 906 2569 Isin
936 2533 982 2570 et
1008 2527 1157 2572 Osirin
1185 2528 1470 2585 priapumque
1496 2526 1689 2585 inprimis
1717 2532 1999 2572 venerantum
2030 2529 2109 2572 sed

271 2588 316 2626 et
344 2584 485 2626 Solem
514 2585 714 2639 Blemyes
744 2586 940 2628 humanis
975 2586 1128 2630 hostiis
1159 2586 1316 2629 colunt.
1372 2586 1444 2628 Ea
1481 2585 1700 2629 Philarum
1740 2586 1899 2640 templa
1928 2600 2020 2628 cum
2050 2587 2108 2630 ad

270 2646 459 2683 nostram
490 2647 674 2684 aetatem
705 2642 887 2684 Barbari
916 2643 1178 2695 tenuissent,
1219 2642 1478 2687 Iustinianus
1507 2644 1617 2698 Aug.
1647 2642 1721 2685 illa
1749 2641 1976 2686 excindere
2006 2659 2109 2686 con-

271 2696 427 2740 stituit.
486 2697 638 2755 Itaque
669 2699 833 2741 Narses
864 2698 1191 2751 Persarmenus,
1235 2701 1356 2743 cuius
1395 2700 1454 2743 ad.
1483 2699 1696 2743 Romanos
1725 2699 2004 2754 transfugium
2035 2716 2109 2744 su-

303 2767 353 2795 ra
381 2755 635 2806 memoravi,
665 2769 751 2809 quo
780 2761 972 2811 tempore
1003 2757 1218 2813 praesidio
1247 2757 1338 2800 illic
1365 2755 1561 2814 imposito
1594 2761 1818 2813 praeerat,
1858 2757 1959 2800 fana
1987 2757 2108 2802 iussu

297 2813 550 2865 mperatoris
577 2811 760 2864 evertit,
791 2817 835 2855 et
864 2813 1070 2857 coniectis
1098 2815 1142 2857 in
1171 2828 1387 2858 carcerem
1413 2813 1732 2866 sacerdotibus,
1778 2815 1952 2857 deorum
1980 2815 2109 2859 simu-

271 2867 422 2911 lachra
464 2868 719 2926 Byzantium
747 2868 875 2914 misit.
932 2871 1030 2926 Ego
1060 2885 1165 2915 vero
1195 2872 1251 2915 ad
1284 2870 1524 2916 institutam
1553 2875 1681 2914 antea
1718 2871 2003 2915 narrationem
2036 2888 2110 2917 re-

270 2929 434 2968 vertor.
1883 2959 1885 2963 .

385 2983 458 3027 20.
515 2981 607 3024 Sub
635 2986 829 3040 tempora
856 2982 1032 3027 huiusce
1061 2999 1153 3028 cum
1183 2985 1331 3029 Persis
1359 2984 1475 3039 belli,
1504 2984 1829 3028 Hellestheaeus
1851 2985 2107 3043 Aethiopiae

273 3039 396 3090 Rex,
438 3038 713 3082 Christianae
740 3040 960 3096 religionis
990 3041 1128 3084 cultor
1157 3043 1359 3096 eximius,
1400 3057 1494 3085 oum
1533 3042 1741 3084 audiisset
1767 3043 2105 3094 Homeritarum,

273 3095 347 3150 qui
387 3094 433 3137 in
471 3095 657 3138 adversa
697 3098 940 3140 continente
978 3099 1159 3154 degunt,
1204 3114 1288 3142 non
1327 3112 1486 3156 paucos
1514 3113 1673 3153 genere
1700 3098 1909 3152 Iudaeos,
1952 3101 2105 3144 multos

274 3152 400 3195 etiam
439 3152 607 3209 priscae
646 3153 966 3209 superstitioni,
1004 3169 1125 3211 quam
1163 3156 1292 3199 hodie
1324 3156 1629 3200 Graecanicam
1672 3162 1852 3208 vocant,
1892 3155 2104 3209 addictos,

274 3209 390 3251 illius
431 3223 533 3252 orae
573 3210 834 3254 Christianis
874 3212 1035 3254 tributa
1072 3226 1206 3268 supra
1245 3214 1410 3256 modum
1438 3212 1677 3268 imponere,
1719 3213 1855 3255 classe
1885 3214 2105 3270 copiisque

275 3265 489 3319 collectis,
529 3281 582 3309 eo
611 3268 766 3310 bellum
796 3268 1010 3324 portavit,
1049 3270 1352 3326 commissoque
1386 3269 1547 3327 praelio
1577 3269 1742 3320 victor,
1785 3285 1981 3326 magnum
2009 3273 2106 3314 Ho—

274 3322 518 3366 meritarum
556 3338 794 3376 numerum,
836 3325 1058 3382 ipsumque
1097 3326 1204 3368 adeo
1244 3327 1406 3382 Regem
1445 3326 1536 3369 vita
1563 3327 1781 3383 spoliavit.
1841 3329 1890 3370 ln
1919 3329 2011 3372 eius
2040 3330 2106 3371 lo-

275 3394 367 3421 cum
397 3381 629 3436 subrogato
659 3382 961 3439 Esimipbaeo,
1003 3382 1248 3425 Christiano
1280 3390 1326 3426 et
1354 3383 1600 3435 Homerita,
1638 3385 1716 3425 sub
1749 3399 1801 3427 ea
1830 3391 1971 3428 tamen
2001 3400 2106 3428 con-

274 3437 436 3481 ditione
477 3444 523 3482 ut
562 3438 767 3484 tributum
807 3454 987 3490 annuum
1017 3440 1301 3499 Aethiopibus
1341 3442 1576 3497 penderet,
1622 3442 1782 3484 domum
1813 3442 1956 3487 rediit.
2014 3443 2105 3486 Ab-
