2184 3822
226 208 344 266 182
965 202 1300 258 PROCOPII

223 352 271 406 οἳ
309 350 365 404 δὲ
401 349 532 404 κατὰ
568 352 732 401 ταῦτα
771 345 988 399 ἓποιόυν.
1075 341 1281 407 οὐδενός
1310 365 1364 398 τε
1401 342 1576 416 σφίσιν
1609 340 2047 407 ἀντιστατοῦντος,

222 436 364 499 ἐντὸς
387 441 479 488 τοῦ
505 431 775 502 περιβόλου
801 428 1052 501 γενόμενοι
1077 430 1170 492 τὰς
1189 431 1282 497 μὲν
1307 427 1472 492 πύλας
1491 427 1610 483 κατ’
1639 429 1870 491 ἐξουσίαν
1893 426 2051 499 ἀνέῳ-

223 543 341 592 γον,
389 520 618 587 ἐδέχοντο
660 517 716 569 δὲ
755 522 819 588 τῇ
858 514 999 568 πόλει
1025 512 1115 568 τόν
1139 537 1193 568 τε
1222 513 1442 585 στρατὸν
1467 512 1668 567 ἅπαντα
1697 515 1780 566 καὶ
1805 510 2053 582 Χοσρόην

225 602 399 669 αὐτόν.
488 605 647 673 θυμῷ
683 622 737 654 τε
770 606 942 674 πολλῷ
967 598 993 654 ὃ
1019 600 1258 667 βασιλεῦς
1278 599 1378 668 ἤδη
1404 595 1637 667 ἐχόμενος
1661 597 1754 668 τὴν
1775 595 1921 651 πόλιν
1946 597 2054 650 ὀλί-

224 711 315 760 γου
342 688 543 749 δέοντος
574 686 841 757 ἐνέπρησεν
876 685 1100 740 ἅπασαν.
1187 688 1238 747 ἐς
1261 686 1315 738 δὲ
1338 684 1429 753 τὴν
1453 682 1725 754 ἀκρόπολιν
1754 682 1952 750 ἀναβὰς
1976 683 2096 740 ἐπὶ5

225 775 284 827 τὸ
321 770 569 844 φρούριον
599 780 911 841 τειχομαχεῖν
938 770 1077 841 ἴγνω.
1167 772 1396 824 ἐνταῦθα
1421 769 1471 822 οἱ
1489 771 1582 836 μὲν
1606 767 1869 835 Ῥωμαίων
1894 788 2057 838 στρα-

226 864 403 912 τιῶται
441 863 698 927 καρτερῶς
738 854 1044 925 ἀμυνόμενοι
1079 861 1182 909 τῶν
1225 855 1478 922 πολεμίων
1519 853 1661 916 τινὰς
1696 853 1939 918 ἔκτεινον,
1985 857 2057 926 τῷ

226 945 281 997 δὲ
303 941 520 1014 Χοσρόῃ
547 941 805 1011 εὐτύχημα
833 942 961 1010 μέγα
987 947 1058 1014 τῷ
1091 947 1193 994 τῶν
1220 940 1659 1011 πολιορκουμένων
1691 938 1913 1011 ἀξυνέτῳ
1940 942 2059 1001 ξυν-

162 1046 200 1088 C
231 1029 320 1098 ε’βη
353 1029 619 1098 γενέσθαι,
666 1029 723 1080 οἳ
749 1027 814 1094 δὴ
855 1027 914 1080 οὗ
947 1026 1095 1095 μόνοι
1129 1028 1180 1088 ἐς
1211 1026 1271 1080 τὸ
1310 1021 1558 1097 φρούριον
1581 1029 1766 1090 τοῦτο,
1813 1023 1942 1076 ἀλλὰ
1971 1019 2060 1086 ξύν

225 1136 280 1176 τε
304 1122 410 1175 τοΐς
429 1116 606 1175 ἵπποις
632 1115 714 1165 καὶ
739 1110 883 1186 ζῴοις
905 1121 1011 1173 τοῖς
1034 1111 1206 1173 ἄλλοις
1230 1112 1541 1181 κατέφυγον,
1588 1108 1752 1181 ταύτῃ
1775 1130 1828 1162 τε
1852 1114 1916 1180 τῇ
1943 1129 2061 1176 σμι-
2078 1102 2155 1164 10'

231 1200 469 1272 κρολογιίιι
524 1198 1094 1268 καταστρατηγηθέντες
1143 1199 1212 1258 εἷς
1263 1198 1495 1250 κίνδυνον
1542 1190 1722 1263 ἦλθον.
1808 1201 1931 1261 μιᾶς
1967 1194 2063 1264 γὰρ
2154 1199 2155 1202 ’

231 1284 389 1353 οὔσης
414 1286 643 1336 ἐνταῦθα
677 1289 866 1351 πηγῆς,
910 1284 1081 1335 ἵππων
1106 1302 1158 1333 τε
1183 1283 1265 1334 καὶ
1288 1278 1510 1349 ἡμιόνων
1536 1283 1617 1333 καὶ
1638 1278 1778 1353 ζῴων
1799 1278 1982 1352 ἑτέρων
2003 1279 2064 1333 οὗ

234 1371 350 1423 δέον
375 1368 535 1437 αὐτὴν
556 1365 912 1421 ἕκπεπωκότων
926 1407 942 1432 ,
973 1366 1399 1436 ἀποξηρανθῆναι
1427 1365 1486 1419 τὸ
1508 1364 1650 1437 ὕδωρ
1678 1365 1877 1435 ξυνέβη.
1966 1368 2064 1418 Βε-

234 1455 446 1526 ροιαιόις
469 1455 562 1521 μὲν
589 1453 656 1507 τὰ
684 1450 959 1524 πράγματα
990 1444 1093 1504 ὧδέ
1114 1473 1184 1520 πη
1209 1449 1357 1519 εἶχον.

396 1537 457 1592 Ὅ
482 1539 538 1591 δὲ
558 1538 743 1607 Μέγας
770 1540 839 1600 εἷς
857 1534 1163 1605 Ἀντιόχειαν
1188 1533 1494 1607 ἀφικόμενος
1507 1577 1523 1602 ,
1573 1535 1867 1606 ἀναγγείλας
1889 1556 1942 1589 τε
1970 1532 2068 1589 ὅσα
2084 1544 2164 1603 154·

234 1625 283 1679 οῗ
305 1624 435 1696 πρὸς
457 1620 703 1693 Χοσρόην
726 1624 1000 1687 ξυνέκειτο,
1029 1621 1157 1695 ἔργῳ
1181 1627 1347 1675 ταῦτα
1370 1622 1607 1676 ἐπιτελεῖν
1627 1622 1833 1690 οὐδαμῆ
1855 1621 2068 1676 ἔπειθεν.
2152 1629 2164 1694 μ’

235 1707 474 1779 ἐτύγχανε
495 1709 592 1779 γὰρ
616 1707 971 1770 Ἰουστινιανὸς
993 1707 1232 1774 βασιλεὺς
1249 1704 1490 1777 Ἰωάννην
1513 1729 1567 1761 τε
1591 1707 1682 1761 τὸν
1699 1705 1967 1778 Ῥουφίνου
1988 1709 2073 1759 καὶ
2147 1727 2165 1737 ·

227 1794 507 1849 Ἰουλιανόν
547 1794 776 1847 τὸν-τῶν
814 1791 1120 1863 ἀπορρήτων
1157 1793 1459 1862 γραμματέα
1491 1792 1726 1863 πρέσβεις
1754 1793 1895 1862 παρὰ
1923 1797 2074 1845 Χοσ-

237 1878 362 1950 ρόην
408 1881 622 1941 στείλας.
713 1878 991 1949 ἇσηκρῆτις
1029 1883 1242 1931 καλοῦσι
1277 1883 1430 1932 τοῖτο
1474 1878 1534 1931 τὸ
1573 1878 1772 1944 ἀξίωμα
1803 1876 2069 1945 Ῥωμαῖοι·

170 1983 211 2027 Ῑ)
243 1963 473 2036 σήκρητα
510 1964 607 2034 γὰρ
643 1969 810 2017 καλεῖν
838 1964 903 2016 τὰ
931 1961 1199 2032 ἀπόρρητα
1224 1965 1556 2030 νενομίκασιν.
1648 1965 1705 2017 οἳ
1725 1962 1787 2032 δὴ
1814 1965 1863 2026 ἐς
1881 1960 2074 2017 Ἀντιό-
2149 1959 2168 2002 -·”

236 2072 380 2126 χειαν
416 2047 711 2122 ἀφικόμενοι
752 2049 939 2116 ἔμενον.
1022 2045 1297 2111 Ἰουλιανός
1336 2069 1391 2102 τε
1400 2090 1418 2115 ,
1464 2055 1568 2103 τῶν
1591 2050 1850 2121 πρέσβεων
1874 2049 2072 2122 ἅτερος,

357 2217 398 2259 1.
454 2211 840 2262 ἀντιστατοῦντος
895 2213 946 2256 L.
1033 2211 1446 2270 α’ντιστρατοῦντος
1489 2213 1540 2256 Ρ.
1629 2213 1756 2257 Conf.
1807 2227 1850 2271 p.
1904 2215 1985 2257 loo
2038 2228 2076 2258 c.

357 2272 401 2315 4.
402 2273 569 2340 θυμῷ
598 2294 654 2302 -
681 2274 833 2325 πολλῷ
864 2271 897 2313 Α
927 2286 1063 2315 corn:
1092 2273 1255 2327 θυμοῦ
1281 2296 1338 2303 -
1365 2271 1542 2315 πολλοῦ
1568 2284 1645 2327 pr.
1775 2273 1815 2315 8.
1846 2268 2077 2326 οἷξυνέτῳ]
2148 2257 2173 2311 ⁸¹,

358 2326 415 2373 οὐ
446 2317 615 2385 ξωνέτω
645 2329 754 2385 (sic)
786 2329 837 2372 L.
957 2334 1024 2375 11.
1051 2332 1163 2383 μιᾶς
1191 2355 1248 2361 -
1277 2327 1693 2398 ἀποξηρανθῆναι]
1726 2329 1953 2400 Ex‹erpsit
1977 2329 2079 2370 Sui-
2163 2327 2168 2341 ‘

358 2387 436 2429 das
465 2401 500 2429 s.
530 2402 572 2430 v.
605 2387 726 2431 δέον.
874 2387 942 2431 15.
985 2385 1304 2458 ἅναγγειλας]
1326 2382 1536 2442 ἀγγείλας
1576 2387 1626 2429 Ι..
1773 2390 1842 2433 19.
1879 2384 2079 2444 οἷσηκρῆ·

355 2460 426 2496 τις
454 2445 490 2488 1.
519 2450 564 2488 et
591 2444 751 2488 Suidas
780 2458 816 2487 s.
841 2458 883 2487 v.
913 2444 1219 2503 γραμματεύς.
1275 2442 1530 2504 ἆσηκρῆτης
1558 2445 1608 2488 P.

245 2584 490 2643 applicitis,
542 2589 712 2629 tentare
741 2600 957 2632 ascensum
986 2587 1120 2631 iubet.
1178 2587 1344 2631 Morem
1375 2586 1407 2630 ii
1433 2590 1617 2646 gerunt,
1668 2600 1747 2629 nec
1777 2601 1825 2630 se
1854 2585 2079 2630 adversum
2149 2613 2175 2634 -,

245 2645 412 2686 ferente
442 2657 666 2699 quoquam,
698 2658 838 2689 muros
867 2653 1105 2702 occupant:
1141 2650 1228 2696 tum
1258 2646 1393 2688 libere
1422 2654 1571 2702 portas
1599 2652 1809 2696 reserant,
1840 2653 1886 2686 et
1915 2645 2079 2687 exerci-
2145 2682 2152 2693 .

247 2709 334 2743 tum
364 2714 458 2742 cum
487 2700 580 2756 ipso
614 2702 808 2744 Chosroe
837 2703 881 2744 in
910 2704 1056 2746 urbem
1087 2703 1344 2756 admittunt.
1378 2716 1502 2759 quam
1529 2702 1605 2744 ine
1634 2715 1742 2759 pene
1771 2707 1903 2745 totam
1933 2701 2082 2744 incen-
2148 2739 2160 2755 .

250 2758 328 2810 dit,
357 2757 424 2799 ira
457 2765 697 2814 correptus.
759 2758 847 2801 Ubi
875 2774 980 2802 vero
1010 2760 1065 2803 ad
1094 2759 1213 2803 urbis
1242 2760 1446 2803 verticem
1473 2759 1627 2811 evasit,
1657 2765 1702 2802 et
1731 2759 1950 2802 castellum
1981 2773 2082 2801 coe·
2139 2788 2142 2793 -

250 2815 316 2872 pit
345 2828 618 2871 oppugnare,
672 2815 826 2858 Persas
861 2817 1030 2883 quidem
1062 2818 1226 2875 aliquot
1256 2817 1430 2861 Romani
1461 2817 1642 2869 milites,
1698 2817 1892 2859 acerrimi
1923 2829 2083 2873 propu-
2138 2858 2140 2863 ,
2175 2846 2176 2849 ¹

249 2872 866 2940 gnatores,interen1erunt;
897 2873 1167 2918 nihilominus
1196 2875 1408 2919 secundos
1438 2874 1479 2917 ei
1508 2887 1730 2918 successus
1760 2874 1907 2916 attulit
1933 2875 2082 2916 obses-

248 2943 388 2972 sorum
427 2928 741 2984 imprudentia,
796 2929 870 2987 qui
898 2931 942 2972 in
973 2933 1188 2976 castelium
1218 2946 1311 2975 cum
1349 2932 1472 2988 equis
1513 2932 1694 2988 aliisque
1723 2931 1960 2998 pecudibus
1989 2945 2085 2974 sese

250 2985 560 3029 commiserant.
621 2986 719 3036 Quo
762 3001 904 3030 amore
933 3001 1071 3032 rerum
1101 2990 1220 3032 nibiii
1251 2989 1426 3033 sordido
1458 2989 1586 3041 victi,
1640 2989 1685 3031 in
1714 2988 1938 3030 discrimen
1969 3002 2086 3031 sum-
2154 3023 2156 3026 ,

253 3058 362 3088 mum
391 3057 562 3085 venere.
621 3043 731 3086 Nam
762 3045 832 3101 qui
865 3059 969 3087 unus
997 3046 1059 3088 ibi
1089 3054 1183 3090 erat
1211 3047 1458 3100 fonticulus,
1489 3046 1544 3087 ab
1575 3046 1710 3103 equis,
1738 3044 1872 3096 mulis,
1904 3045 2084 3101 aliisque
2151 3046 2157 3073 ν’

253 3100 442 3143 ebibitus
470 3100 766 3154 animantibus,
813 3116 907 3144 cum
936 3103 1102 3147 minime
1132 3110 1368 3162 oporteret,
1397 3103 1578 3146 exaruit.
1634 3103 1701 3145 Eo
1730 3102 1935 3145 redactae
1963 3110 2086 3146 erant
2144 3114 2146 3119 ’
2177 3133 2180 3140 ·

253 3171 323 3201 res
352 3157 668 3199 Beroeensium.
2142 3211 2143 3214 Ἴ

367 3214 537 3256 Interea
566 3214 742 3268 Megas,
796 3229 888 3261 cum
916 3217 1190 3272 pervenisset
1218 3215 1511 3270 Antiochiam,
1563 3218 1608 3258 et
1636 3229 1740 3271 quas
1769 3231 1861 3260 cum
1891 3216 2085 3260 Chosroe
2144 3216 2145 3220 ’

253 3273 420 3316 fecerat
451 3270 669 3338 pactiones
699 3273 1006 3329 proposuisset,
1045 3283 1094 3317 ut
1123 3275 1166 3315 in
1195 3288 1284 3316 rem
1313 3274 1608 3316 conferrentur
1636 3273 1818 3317 suadere
1847 3289 1930 3318 non
1961 3280 2086 3329 pote·
2151 3301 2153 3305 .
2176 3322 2178 3331 Ι

256 3335 340 3373 rat.
402 3327 571 3370 Etenim
615 3328 782 3384 legatos
823 3331 1006 3373 Chosroi
1046 3331 1305 3373 lustinianus
1344 3332 1452 3385 Aug.
1492 3329 1668 3372 miserat
1708 3331 1905 3374 Ioannem
1944 3331 2086 3373 Rufini
2146 3330 2181 3381 ⁴.'

256 3387 389 3429 fliium
420 3392 464 3427 et
492 3385 694 3431 lulianum
724 3401 973 3430 arcanorum
1002 3388 1182 3430 scribam
1227 3387 1434 3442 (Romani
1463 3401 1516 3429 ea
1544 3386 1754 3441 dignitate
1781 3388 1986 3443 insignem
2017 3389 2086 3430 di-
2174 3419 2182 3431 ,-

258 3449 360 3485 cunt
387 3456 480 3485 esse
511 3447 545 3484 A
576 3445 769 3487 secretis.-
819 3459 903 3501 quo
946 3445 1112 3487 nomine
1141 3458 1298 3486 arcana
1326 3445 1517 3497 vocant)
1555 3443 1673 3500 iique
1700 3460 1791 3488 cum
1822 3445 2085 3488 Antiochiam

259 3501 491 3552 senissent,
519 3500 579 3541 ibi
607 3502 899 3546 constiterant.
959 3503 1021 3545 Ac
1050 3501 1236 3546 lulianus
1265 3501 1432 3559 quidem
1462 3501 1623 3545 diserte
1652 3503 1888 3560 probibuit,
1914 3517 1968 3546 ne
1991 3502 2086 3559 quis
