2254 3814
331 103 454 162 472
1075 101 1411 157 PROCOPH

268 258 306 301 Β
335 269 412 302 νοι
437 247 486 310 ἒς
519 247 578 300 τὸ
604 244 723 315 ὅρος
756 243 816 298 τὸ
848 239 1117 314 Λῦράσιον
1144 243 1227 313 καὶ
1261 242 1312 304 ἐς
1339 240 1703 313 Μαυριτανίαν
1723 238 1993 310 ἀνέβησαν.
2083 238 2158 303 οἷς

337 333 402 400 δὴ
428 331 694 401 ἐπηρμένοι
723 329 772 382 οἳ
808 333 1145 398 στρατιῶται,
1195 325 1271 390 οἷς
1305 321 1370 396 ἦν
1410 329 1461 382 ἐν
1487 324 1796 401 ἔπιμελείςιὴ
1827 325 2037 392 στάσις,
2086 325 2158 379 ἔτι

335 422 535 486 μᾶλλον
560 413 857 477 ξυνίσταντο
884 415 935 467 ἐν
974 414 1148 484 σφίσιν
1179 412 1368 474 αὐτοῖς.
1452 415 1537 466 καὶ
1578 409 1718 482 λόγοι
1755 432 1809 465 τε
1845 413 2022 465 πολλοὶ
2047 413 2160 481 περὶ

335 499 521 557 τούτου
555 501 638 552 καὶ
673 497 814 569 ὅρκοι
851 497 952 566 ἤδη
991 499 1044 551 ἓν
1079 502 1152 573 τῷ
1210 498 1540 570 στρατοπέδῳ
1583 499 1820 566 ἐγίνοντο.
1905 494 2072 564 ἐπειδή
2107 516 2161 548 τε

336 588 431 654 τὴν
466 583 646 655 ἑορτὴν
680 582 819 653 ἄγειν
856 583 1096 651 ἔμελλον,
1152 580 1433 652 ἀχθόμενοι
1467 587 1533 654 τῇ
1571 579 1783 655 κωλύμῃ
1811 586 1912 636 τῶν
1941 582 2086 652 ἱερῶν
2115 580 2163 634 οἶ
2175 591 2202 634 5

329 672 575 742 Ἀρειανοὶ
599 665 804 739 σφόδρα
828 669 1086 722 ἐνέκειντο.

496 753 679 816 Ἔδοξέ
704 775 758 807 τε
784 752 952 807 αὐτῶν
979 762 1087 816 τοῖς
1118 751 1416 823 κορυφαίοις
1443 749 1496 805 ἓν
1522 756 1595 824 τῷ
1626 750 1741 824 ἱερῷ
1776 755 1842 823 τῇ
1871 747 2048 822 πρώτῃ
2076 754 2168 819 τῆς

339 839 522 911 ἑορτῆς
560 838 752 913 ἡμέρᾳ,
815 836 878 907 ἢν
912 836 1134 909 μεγάλην
1172 842 1415 903 καλοῦσι,
1470 833 1754 904 Σολόμωνα
1793 844 1996 891 κτεῖναι.
2084 836 2169 888 καὶ

339 922 533 980 ἔλαθόν
559 945 611 992 γε
640 923 846 986 οὐδενὸς
868 930 1022 978 τοῦτο
1049 924 1113 992 δὴ
1144 919 1481 991 ἔξενεγκόντος
1510 921 1568 976 τὸ
1598 919 1876 990 βούλευμα.
1953 919 2042 974 ἅτε
2070 920 2167 990 γὰρ

339 1016 542 1064 πολλῶν
570 1009 730 1063 ὄντων
753 1015 856 1062 τῶν
877 1009 942 1062 τὰ
966 1008 1102 1062 δεινὰ
1127 1008 1512 1076 βουλευομένων
1537 1004 1563 1060 ὃ
1591 1004 1740 1076 λόγος
1777 1003 2170 1077 περιφερόμενος
2187 1019 2240 1062 10

343 1097 395 1158 ἐς
421 1099 643 1163 δυσμενῆ
671 1094 855 1148 οὐδένα
879 1094 1130 1160 ἐξέπιπτε,
1178 1090 1341 1163 ταύτῃ
1364 1113 1417 1146 τε
1440 1088 1714 1145 λανθάνειν
1739 1090 2021 1159 ἐξίσχυσεν,
2067 1091 2172 1143 ἐπεὶ

282 1194 320 1237 C
350 1183 434 1235 καὶ
456 1178 762 1248 Σολόμωνος
787 1180 835 1232 οἱ
861 1181 1040 1232 πολλοὶ
1063 1175 1343 1249 δορυφόροι
1366 1198 1420 1230 τε
1469 1178 1552 1229 καὶ
1585 1173 1903 1254 ὑπασπισταὶ
1945 1177 2028 1228 καὶ
2070 1180 2173 1229 τῶν

344 1269 549 1320 οἶκετῶν
574 1265 623 1318 οἱ
646 1270 870 1318 πλεῖστοι
897 1265 948 1326 ἐς
973 1259 1166 1332 ταύτην
1193 1262 1255 1330 δὴ
1280 1261 1374 1331 τὴν
1399 1257 1578 1315 στάσιν
1601 1258 1957 1329 ξυνετετᾶχατο
1985 1265 2048 1331 τῇ
2073 1265 2175 1314 τῶν

335 1351 540 1421 χωρίων
563 1350 828 1423 ἐπιθυμίᾳ.
904 1345 1098 1419 ἡμέρας
1123 1348 1178 1401 δὲ
1198 1347 1297 1416 ἤδη
1322 1351 1414 1415 τῆς
1439 1347 1617 1417 κυρίας
1638 1344 1902 1417 παρούσης
1926 1343 2173 1414 Σολόμων

343 1438 435 1502 μὲν
460 1437 512 1489 ἓν
534 1439 608 1507 τῷ
638 1435 754 1507 ἱερῷ
782 1430 1010 1502 ἐκάθητο
1024 1475 1041 1499 ,
1085 1433 1291 1503 μακρὰν
1318 1437 1419 1486 τῶν
1447 1429 1607 1485 αὑτοῦ
1631 1430 2051 1500 ἀπολελειμμένος
2077 1453 2170 1484 κα-
2189 1443 2242 1488 15

344 1526 464 1575 κῶν.
554 1516 871 1581 εἷσελθόντες
910 1519 967 1571 δὲ
1015 1515 1094 1581 οἷς
1137 1517 1226 1571 τὸν
1266 1516 1431 1589 ἄνδρα
1468 1522 1652 1570 τοῦτον
1700 1525 1886 1570 κτεῖναι
1922 1517 2173 1582 ἐδέδοκτο,

344 1603 562 1674 νεύμασί
582 1626 636 1658 τε
662 1602 900 1674 ἀλλήλοις
925 1599 1355 1674 ἒγκελευσάμενοι,
1400 1607 1504 1656 τῶν
1528 1605 1687 1673 ξιφῶν
1715 1601 1937 1671 ἥπτοντο
1951 1643 1968 1668 ,
2023 1600 2176 1672 ἕδρα-

345 1711 444 1745 σαν
468 1692 642 1757 μέντοι
667 1689 841 1757 οὐδὲν,
886 1687 919 1756 ἢ
959 1689 1024 1741 τὰ
1053 1685 1332 1755 τελούμενα
1362 1692 1640 1755 τηνικαῦτα
1677 1685 1729 1740 ἒν
1757 1693 1829 1760 τῷ
1853 1688 1968 1760 ἱερῷ
1998 1689 2178 1755 αἴσχυ-

344 1773 575 1843 νόμενοι,
621 1773 655 1843 ἢ
687 1774 772 1828 διὰ
799 1774 894 1843 τὴν
920 1779 1013 1827 τοῦ
1043 1778 1331 1844 στρατηγοῦ
1359 1770 1514 1836 δόξαν
1537 1773 1901 1842 ἔρυθριῶντες,
1949 1770 1981 1841 ἢ
2014 1774 2103 1825 καί
2127 1793 2177 1824 τι

344 1867 491 1914 θεῖον
518 1859 707 1922 αὐτοὺς
733 1857 1049 1913 διεκώλυσεν.
1134 1858 1303 1926 ἐπειδὴ
1346 1858 1402 1910 δὲ
1435 1854 1501 1910 τά
1528 1878 1582 1911 τε
1605 1857 1716 1928 ἱερὰ
1740 1859 1898 1928 ἐκείνῃ
1924 1862 1987 1928 τῇ
2012 1855 2248 1932 ἧμέρᾳὲο

348 1944 539 2013 ἤσκητο
583 1943 684 2013 ἤδη
723 1946 807 1998 καὶ
857 1944 1028 1997 οἴκαδε
1066 1943 1353 2010 ἐκομίζοντο
1408 1942 1638 2008 ἕκαστοι,
1684 1940 1936 2012 ἀλλήλους
1958 1941 2178 2013 ᾐτιῶντο

350 2031 399 2083 οἳ
430 2035 739 2095 στασιῶται,
785 2026 873 2082 ἅτε
908 2027 1214 2096 μαλθακοὺς
1248 2027 1340 2081 οὐκ
1379 2028 1432 2080 ἐν
1464 2027 1628 2080 δέοντι
1667 2028 2048 2099 γεγενημένους,
2096 2030 2181 2081 καὶ

281 2119 321 2163 D
353 2109 510 2179 αὖθις
532 2113 834 2168 ἀπετίθεντο
874 2114 925 2176 ἐς
950 2113 1044 2182 τὴν
1077 2114 1319 2167 ἐπιοῦσαν
1356 2111 1415 2166 τὸ
1435 2109 1716 2182 βούλευμα.
1805 2110 1992 2182 ὁμοίως
2020 2115 2182 2174 δὲκαὶ

463 2280 534 2323 10.
561 2278 655 2323 τῶν
683 2290 764 2321 om.
793 2277 844 2320 L.
962 2277 1032 2325 15.
1060 2275 1238 2334 αὑτοῦ]
1270 2273 1422 2322 αὐτοῦ
1449 2276 1548 2321 HL.

351 2416 576 2460 Aul-esium
606 2431 658 2461 ac
698 2416 1001 2462 Mauritaniam
1040 2422 1282 2467 evaserunt.
1339 2416 1421 2460 His
1460 2416 1660 2470 animati,
1703 2415 1777 2474 qui
1806 2415 2005 2460 seditioni
2033 2417 2183 2460 stude-

352 2474 488 2526 bant,
515 2474 697 2527 milites,
737 2475 855 2519 coire
894 2475 1092 2533 saepius,
1129 2476 1176 2519 in
1215 2475 1370 2519 castris
1408 2475 1456 2518 id
1499 2474 1663 2522 crebris
1702 2475 1966 2517 sermonibus
1999 2476 2180 2530 agitare,

352 2531 482 2573 fidem
510 2537 695 2576 mutuam
735 2540 997 2576 sacramento
1030 2534 1296 2588 astringere:
1339 2532 1488 2575 Ariani
1509 2546 1699 2589 quoque,
1743 2537 1975 2590 appetente
2003 2533 2087 2575 iam
2116 2533 2182 2574 fe-

351 2593 448 2640 sto,
479 2601 634 2644 urgere
663 2603 754 2632 rom
782 2590 950 2643 acrius,
979 2604 1195 2634 sacrorum
1224 2589 1526 2632 interdictione
1553 2588 1744 2645 graviter
1771 2589 1942 2632 offensi.

463 2644 615 2700 Itaque
644 2659 789 2688 eorum
830 2648 1084 2703 coryphaeis
1123 2647 1309 2703 placuit,
1351 2651 1399 2688 ut
1440 2646 1574 2703 primo
1611 2645 1896 2689 solenniorum
1926 2645 2020 2698 die,
2059 2660 2184 2702 quem

353 2707 512 2743 vocant
539 2704 767 2757 Magnum,
797 2703 843 2745 in
872 2705 1030 2760 templo
1058 2705 1259 2747 Salomon
1289 2703 1570 2759 occideretur.
1627 2703 1679 2745 Id
1707 2702 1940 2755 consilium,
1970 2702 2085 2746 nullo
2117 2703 2185 2746 in-

355 2756 467 2799 dicio
498 2760 787 2811 enuntiatum,
817 2760 995 2803 latebat.
1054 2761 1160 2803 Cum
1191 2761 1300 2804 enim
1327 2760 1438 2804 idem
1468 2759 1589 2804 multi
1626 2760 1794 2803 fucinus
1824 2766 2077 2816 coquerent,
2108 2760 2182 2817 qui

355 2814 412 2856 de
439 2814 511 2856 illo
541 2814 948 2860 circumferebantur
979 2831 1219 2870 sermones,
1258 2818 1313 2861 ad
1343 2817 1547 2860 neminem
1576 2818 1827 2860 emanabant
1854 2817 2031 2860 alienum
2061 2832 2088 2859 a
2114 2819 2185 2860 fa-

355 2870 511 2914 ctione.
569 2874 711 2928 Atque
739 2873 801 2916 ita
827 2873 966 2918 latere
994 2875 1232 2918 coniuratio
1263 2874 1421 2931 potuit,
1452 2874 1630 2918 maxime
1658 2888 1752 2916 cum
1781 2873 2016 2917 Salomonis
2045 2873 2184 2930 stipa-

357 2932 476 2970 tores
508 2929 770 2985 scutariique
814 2944 898 2973 non
928 2933 1079 2987 pauci,
1123 2946 1174 2974 ac
1204 2933 1399 2988 plerique
1428 2931 1518 2975 eius
1548 2931 1770 2975 domestici
1799 2931 1854 2972 ad
1882 2931 1995 2973 illam
2026 2944 2074 2973 se
2105 2931 2184 2973 ad-

354 2983 627 3038 iunxissent,
672 2986 942 3042 praediorum
981 3003 1124 3038 amore
1169 2989 1298 3031 ducti.
1356 2988 1621 3032 Praestituta
1661 2987 1745 3030 iam
1786 2986 1879 3029 dies
1920 2987 2100 3040 aderat,
2132 3002 2183 3031 ac

357 3041 543 3097 supplex
570 3043 615 3084 in
644 3043 800 3098 templo
831 3045 1030 3088 Salomon
1047 3077 1061 3098 ,
1090 3046 1216 3100 longe
1245 3047 1398 3088 aberat
1427 3047 1480 3088 ab
1511 3043 1765 3088 imminentis
1796 3043 1917 3086 exitii
1949 3044 2185 3100 cogitatio-

357 3111 437 3148 ne,
475 3111 568 3140 cum
597 3098 804 3155 ingressi,
834 3101 905 3155 qui
934 3101 1107 3144 caedem
1135 3101 1440 3154 decreverant,
1466 3099 1723 3145 seinvicem
1756 3101 1917 3143 hortari
1946 3110 2052 3144 nutu
2083 3116 2185 3144 coe-

359 3168 488 3210 pere,
532 3161 577 3198 et
623 3170 770 3199 manus
813 3158 1040 3201 admovere
1081 3158 1249 3213 gladiis.
1310 3159 1610 3201 Verumtamen
1649 3155 1840 3200 facinore
1870 3158 2183 3210 abstinuerunt,

359 3211 452 3252 sive
480 3225 725 3265 sacrorum,
766 3226 877 3269 quae
904 3219 991 3256 tum
1026 3214 1069 3256 in
1100 3215 1259 3270 templo
1301 3215 1646 3270 peragebantur,
1687 3213 1780 3256 sive
1810 3215 1932 3257 ducis
1961 3215 2182 3257 clarissimi

358 3269 628 3320 reverentia,
668 3283 742 3312 seu
786 3269 831 3312 vi
871 3270 1018 3326 aliqua
1052 3270 1199 3314 divina
1229 3271 1418 3313 cohibiti.
1476 3270 1622 3312 Sacris
1658 3286 1709 3313 eo
1752 3270 1822 3313 die
1851 3271 2077 3324 confectis,
2107 3287 2184 3314 re-

361 3325 477 3366 versi
506 3326 672 3368 domum
699 3326 871 3369 factiosi
910 3327 1068 3370 mutuis
1110 3326 1294 3382 querelis
1335 3326 1548 3370 mollitiem
1576 3327 1661 3369 sibi
1700 3328 1972 3371 obiectabant
2001 3343 2184 3385 praepo-

362 3386 533 3425 steram.
591 3383 770 3428 Reiecto
797 3383 843 3427 in
871 3382 980 3427 diem
1002 3390 1248 3443 sequentem
1276 3384 1469 3437 consilio,
1497 3383 1692 3428 similiter
1720 3386 1858 3428 animo
1887 3386 2035 3429 affecti
2065 3392 2186 3443 post-
