2184 3822
289 214 372 276 46
1033 215 1362 272 PROCOPII

2165 298 2182 325 K

282 358 437 432 χανία
469 363 631 430 πολλῇ
667 357 872 426 εἴχοντο.
962 355 1077 410 οὕτε
1098 357 1194 428 γὰρ
1220 357 1381 413 ὀπίσω
1421 353 1716 412 ἀπελαύνειν
1749 355 1851 412 οἷοί
1871 379 1923 412 τε
1947 353 2101 428 ἦσαν,
2151 407 2157 418 ,.

290 444 420 496 κατὰ
447 442 620 497 νώτων
645 442 804 496 ὄντων
837 442 979 512 σφίσι
1004 448 1106 495 τῶν
1126 444 1380 510 ἐναντίων,
1429 443 1543 497 οὔτε
1570 466 1638 511 πη
1669 441 1879 513 ἑτέρωσε
1904 442 2098 513 φεύγειν
2164 446 2181 471 ·’

287 529 340 580 ἐν
366 534 428 598 γῇ
451 530 663 601 πολεμίᾳ
693 524 949 579 ἐδύναντο.
1034 527 1088 579 ἐκ
1123 529 1178 580 δὲ
1203 534 1303 582 τῶν
1330 527 1594 598 παρόντων
1620 525 1689 590 ὥς
1733 530 1784 590 ἐς
1806 525 1976 596 μάχην
2002 549 2098 580 τα·-

286 611 488 679 ξάμενοι
514 612 633 673 τούς
653 609 884 673 ἐπιόντας
911 608 1162 679 ἠμύνοντο
1176 653 1193 678 ,
1238 619 1311 684 τῷ
1336 635 1388 666 τε
1414 611 1599 680 πλήθει
1625 614 1764 682 παρὰ
1791 613 1920 666 πολὺ
1946 614 2098 665 ἐλασ-

287 695 522 763 σούμενοι
546 693 848 764 ἦτ’τήθησάν
873 717 927 748 τε
953 699 1035 748 καὶ
1065 697 1153 759 ξὺν
1172 703 1244 769 τῷ
1272 703 1323 750 Γ
1319 696 1452 769 λώνῃ
1479 696 1697 758 ἅπαντες
1722 695 2095 768 διεφθάρησαν.
2110 706 2147 756 5
2183 742 2184 745 ¹

286 779 409 851 ὅπερ
436 781 603 849 ἐπειδὴ
631 779 657 833 ὃ
696 787 787 833 τοῦ
816 778 1025 834 Γλώνου
1062 782 1172 844 υἱὸς
1204 781 1398 850 ἔμαθε,
1452 780 1787 851 περιαλγήσας
1818 804 1871 835 τε
1904 785 1988 834 καὶ
2026 787 2098 854 τῷ
2153 844 2184 861 ,ἵ

285 871 442 938 θυμῷ
483 866 630 931 ζέων,
679 864 755 918 ὅτι
793 869 856 935 δὴ
887 872 960 939 τῷ
991 870 1143 935 πατρὶ
1184 864 1388 933 ἀμύνειν
1421 867 1512 919 οὐκ
1537 865 1662 933 εἶχε,
1708 867 1800 920 τὸν
1827 872 2101 933 Συμεῶνος
2169 860 2184 931 ⁴⁴

137 962 175 1004 P
204 961 260 1005 27
290 950 413 1003 νεῶν
437 949 644 1004 ἔκαυσεν
670 948 812 1019 ἁγίου
837 951 1035 1018 ἀνδρὸς,
1075 953 1161 1003 ἵνα
1188 953 1248 1020 δὴ
1272 950 1481 1021 Γλεύνης
1507 952 1727 1005 κατέλυε.
1817 955 1978 1004 καίτοι
2007 950 2102 1003 ἄλ-

128 1047 171 1091 Η
201 1046 258 1092 14
290 1040 382 1103 λην
418 1036 532 1088 τινὰ
570 1038 862 1103 οἰκοδομίαν
900 1035 1013 1089 οὕτε
1040 1040 1090 1087 Γ
1086 1033 1248 1104 λώνης
1281 1037 1394 1090 οὔτε
1419 1035 1698 1104 Καβάδης,
1745 1035 1803 1088 οὗ
1839 1036 1941 1104 μὴν
1980 1035 2100 1088 οὐδὲ

281 1125 502 1189 Περσῶν
524 1142 598 1182 τις
627 1120 806 1186 ἄλλος,
854 1119 968 1174 οὗτε
1005 1126 1239 1174 καθελεῖν
1276 1120 1400 1191 ἔγνω
1435 1121 1548 1175 οὔτε
1579 1143 1651 1193 τῳ
1678 1120 1815 1192 ἄλλῳ
1845 1121 2135 1191 ἇφανίζειν1
2163 1133 2166 1138 ’

282 1204 454 1279 τρόπῳ
482 1205 532 1258 ἓν
556 1226 610 1274 γε
646 1205 824 1278 Ἀμίδῃ
862 1205 895 1275 ἢ
930 1203 1119 1275 ταύτης
1147 1203 1303 1269 ἐκτός.
1392 1207 1488 1277 ἐγὼ
1528 1208 1583 1260 δὲ
1614 1207 1694 1259 ἐπὶ
1728 1206 1817 1259 τὸν
1853 1202 2100 1277 πρότερον
2125 1249 2128 1253 .

281 1287 431 1361 λόγον
464 1288 702 1358 ἐπάνειμι.

457 1374 608 1429 Οὕτω
631 1377 722 1443 μὲν
747 1374 965 1443 ’Άμιδαν
994 1373 1232 1443 Ῥωμαῖοι
1264 1376 1331 1429 τὰ
1350 1372 1594 1446 χρήματα
1629 1373 1802 1437 δόντες
1843 1375 2100 1442 ἀπέλαβον
2161 1410 2170 1423 ·

282 1458 377 1514 δύο
405 1462 649 1522 ἐνιαυτοῖς
682 1459 894 1529 ὕστερον
921 1458 952 1528 ἢ
982 1461 1110 1530 πρὸς
1135 1467 1236 1514 τῶν
1262 1463 1512 1530 πολεμίων
1552 1458 1700 1515 ἑάλω.
1791 1463 1873 1514 καὶ
1905 1461 2006 1514 ἐπεὶ
2046 1463 2099 1514 ἐν
2158 1461 2169 1518 ‚''

280 1543 444 1615 ταύτῃ
482 1546 724 1614 ἐγένοντο,
770 1543 804 1613 η’
836 1566 890 1598 τε
924 1544 1092 1599 αὐτῶν
1132 1546 1368 1614 ὀλιγωρία
1399 1549 1481 1598 καὶ
1516 1550 1736 1616 Περσῶν
1768 1545 1826 1599 τὸ
1854 1545 2095 1616 καρτερὸν

215 1644 254 1688 Β
283 1636 373 1699 τῆς
412 1632 607 1700 διαίτης
641 1627 890 1699 ἐγνώσθη.
981 1632 1151 1684 σιτίων
1174 1652 1226 1683 τε
1248 1631 1344 1702 γὰρ
1365 1636 1469 1684 τῶν
1506 1632 1735 1685 ἐνταῦθα
1769 1631 2098 1699 λελειμμένων
2131 1665 2135 1670 -
2166 1667 2169 1687 ,·

277 1715 338 1769 τὸ
364 1715 551 1785 μέτρον
589 1717 671 1768 καὶ
691 1712 974 1786 βαρβάρων
1011 1721 1114 1769 τῶν
1142 1714 1523 1785 ἐξεληλυθότων
1557 1716 1646 1770 τὸν
1676 1716 1852 1783 ὅμιλον
1890 1713 2098 1786 λογισά-

277 1822 420 1870 μενοι
449 1798 575 1853 ἔπτὰ
595 1797 819 1868 μάλιστα
840 1795 1041 1871 ἡμερῶν
1068 1800 1294 1870 εὕρισκον
1318 1799 1549 1872 δαπάνην
1576 1803 1629 1855 ἐν
1653 1807 1716 1873 τῇ
1747 1799 1886 1855 πόλει
1912 1801 2098 1855 ἀπολε-
2163 1846 2165 1858 .

277 1891 508 1956 λεΐφθαι,
555 1887 732 1955 καίπερ
756 1890 805 1937 Γ
803 1883 966 1938 λώνου
989 1907 1042 1938 τε
1067 1888 1149 1938 καὶ
1173 1892 1265 1940 τοῦ
1297 1888 1484 1940 ἐκείνου
1515 1886 1698 1949 παιδὸς
1721 1884 2093 1957 ἐνδεεστέρωςῆ
2155 1894 2161 1962 ἦ

273 1970 407 2023 κατὰ
446 1969 540 2038 τὴν
586 1972 762 2040 χρείαν
797 1975 989 2023 πολλοῦ
1019 1968 1210 2038 χρόνου
1248 1970 1531 2035 ἐνδιδόντος
1578 1972 1642 2025 τὰ
1679 1974 1812 2024 σιτία
1847 1973 2091 2043 Πέρσαις.
2144 1963 2156 1978 ’

270 2052 538 2123 Ῥωμαίοις
568 2055 665 2126 γὰρ
691 2064 797 2116 τοῖς
833 2057 883 2108 ἐν
909 2061 973 2126 τῇ
1010 2053 1177 2120 πόλει,
1226 2055 1394 2128 ὥσπερ
1419 2080 1508 2125 μοι
1544 2055 1956 2127 προδεδήλωται,
2008 2056 2097 2119 ξὺν
2130 2086 2161 2135 4

274 2140 452 2202 αὐτοῖς
475 2143 702 2207 μείνασιν
727 2140 874 2193 οὐδὲν
910 2141 969 2193 τὸ
997 2134 1237 2210 παράπαν
1256 2152 1493 2213 χορηγεῖν
1529 2141 1774 2212 ἔγνωσαν,
1823 2143 1874 2205 ἐξ
1900 2141 2020 2196 ὅτου
2048 2141 2096 2194 οἳ
2148 2137 2162 2198 ·'

273 2226 503 2294 πολέμιοι
526 2227 577 2287 ἐς
602 2225 695 2294 τὴν
727 2227 1020 2297 πολιορκίαν
1056 2227 1388 2296 κατέστησαν,
1433 2227 1489 2282 οἳ
1511 2228 1574 2297 δὴ
1599 2229 1649 2291 ἐς
1671 2223 1888 2300 βρώσεις
1913 2225 2096 2298 ἀήθεις
2130 2234 2152 2274 “.’

386 2362 430 2407 7.
460 2361 709 2418 Συμεῶνος
735 2362 834 2406 Hm.
889 2359 1142 2417 Συμεῶνου
1170 2363 1223 2408 Ρ.
1285 2364 1505 2420 symeonis
1532 2363 1628 2410 RV.

275 2504 361 2545 que
390 2503 415 2532 a
443 2493 593 2545 tergo,
637 2504 728 2532 cum
757 2489 854 2532 inde
884 2489 1094 2534 Romanus
1125 2490 1334 2542 instaret,
1373 2506 1514 2548 neque
1541 2491 1627 2535 alia
1655 2506 1710 2535 ex
1738 2494 1886 2548 parte,
1927 2504 2019 2533 cum
2050 2489 2093 2532 in

271 2547 365 2589 solo
397 2548 563 2589 hostico
594 2554 737 2589 essent
765 2547 1016 2602 intercepti,
1057 2549 1235 2604 patebat
1262 2549 1481 2604 effugium.
1539 2550 1752 2591 Instructa
1781 2548 1963 2603 denique
1992 2555 2040 2589 ut
2068 2562 2093 2589 e
2123 2568 2154 2608 v‘.

274 2617 326 2645 re
355 2608 454 2645 nata
478 2603 603 2645 iicuit
632 2604 750 2657 acie,
789 2604 987 2659 impetum
1016 2604 1283 2658 sustinuere,
1323 2606 1459 2648 donec
1487 2620 1657 2648 numero
1687 2606 1858 2656 obruti,
1900 2606 2092 2646 interne·
2128 2614 2155 2642 ἐ»

271 2659 396 2701 cione
436 2659 708 2711 occiderunt,
753 2675 844 2702 cum
884 2661 978 2716 ipso
1020 2662 1174 2704 Glone.
1233 2662 1368 2705 Cuius
1398 2662 1509 2705 filius
1539 2665 1647 2704 haec
1676 2668 1898 2718 postquam
1931 2661 2092 2711 resciit,
2131 2679 2134 2683 ’

271 2715 421 2758 dolore
451 2722 576 2771 atque
605 2716 669 2758 ira
697 2718 916 2768 incensus,
956 2720 1067 2773 quod
1109 2719 1269 2761 inultus
1302 2725 1424 2776 pater
1454 2719 1743 2770 occubuisset,
1785 2720 1837 2761 D.
1868 2717 2091 2773 Symeonis
2116 2721 2120 2730 “

270 2772 448 2825 aedem,
477 2774 549 2815 ubi
579 2773 741 2816 Glones
769 2775 1034 2830 oppetierat,
1062 2775 1272 2828 incendit,
1312 2790 1422 2819 novo
1452 2776 1638 2818 scelere:
1679 2789 1772 2817 nam
1805 2789 1883 2817 nec
1913 2776 2089 2827 Glones,

270 2842 354 2870 nec
383 2830 604 2881 Cabades‚
634 2845 711 2873 nec
740 2831 964 2873 Persarum
995 2833 1171 2875 omnium
1203 2833 1420 2891 quisquam
1450 2846 1555 2874 unus
1585 2833 1819 2875 aedificium
1848 2831 1975 2873 ullum
2006 2845 2090 2888 qua

270 2886 385 2927 intra
425 2900 508 2941 qua
546 2893 667 2930 extra
705 2901 846 2930 muros
883 2895 1102 2940 evertere,
1151 2905 1290 2945 quove
1325 2889 1444 2932 modo
1475 2903 1747 2946 corrumpere
1776 2889 1831 2931 ad
1859 2903 1950 2930 eam
1978 2888 2088 2931 diem

269 2956 499 2997 aggressus
529 2950 638 2986 erat.
697 2945 792 3000 Ego
819 2959 922 2987 vero
952 2946 1007 2987 ad
1036 2945 1273 2989 institutam
1304 2953 1403 2991 ante
1432 2947 1714 2988 narrationem
1744 2961 1809 2988 me
1837 2947 1995 2989 refero.

382 3001 540 3051 Paeto,
580 3007 628 3042 ut
657 3001 869 3053 dicebam,
913 3016 963 3044 ac
992 3003 1210 3057 persoluto
1240 3018 1365 3056 auro,
1396 3003 1574 3046 Romani
1603 3004 1792 3045 Amidam
1822 3005 2087 3058 receperunt,

271 3054 406 3097 altero
446 3064 544 3111 post
581 3071 690 3100 anno
731 3073 853 3114 quam
895 3064 1023 3114 capta
1062 3061 1115 3101 ab
1159 3062 1280 3102 hoste
1318 3061 1470 3103 suerat.
1528 3061 1688 3102 Urbem
1717 3060 1927 3114 ingressi,
1971 3073 2089 3101 suam

266 3112 531 3164 socordiam,
571 3128 621 3155 ac
652 3115 875 3157 Persarum
905 3116 947 3157 in
978 3116 1225 3158 difficillimo
1255 3117 1370 3160 victu
1400 3117 1616 3159 tolerando
1647 3117 1923 3160 constantiam
1954 3130 2090 3171 agno·
2146 3119 2147 3122 ’

266 3177 436 3213 verunt.
496 3170 668 3226 Quippe
709 3171 814 3214 inita
851 3172 1096 3214 relictorum
1139 3174 1392 3216 cibariorum
1439 3187 1654 3227 mensura,
1704 3188 1872 3228 unaque
1917 3185 2086 3215 nurnero
2146 3183 2147 3222 j

263 3225 577 3279 Barbarorum‚
624 3228 697 3282 qui
728 3230 832 3270 urbe
862 3234 1160 3280 excesserant,
1209 3238 1464 3287 compertum
1495 3238 1562 3272 est
1591 3230 1788 3272 alimenta
1815 3230 1859 3271 in
1890 3229 1979 3271 dies
2010 3230 2087 3271 ad·
2118 3233 2140 3266 ἰ’

265 3283 432 3325 modum
470 3290 630 3339 septem
668 3286 800 3327 fuisse
839 3286 1024 3341 reliqua3
1069 3301 1162 3328 cum
1201 3291 1340 3330 tamen
1370 3288 1529 3329 Glones
1558 3287 1732 3341 eiusque
1759 3287 1872 3328 filius
1903 3301 1954 3329 ea
1983 3301 2084 3341 par·
2123 3298 2126 3304 '

265 3339 381 3391 cius,
409 3355 533 3396 quarn
565 3343 640 3396 pro
669 3343 946 3393 necessitate,
978 3343 1053 3384 diu
1082 3343 1228 3385 Persis
1256 3345 1582 3400 dispensassent.
1640 3345 1750 3386 Nam
1781 3344 1894 3398 quod
1922 3343 1975 3385 ad
1997 3343 2083 3385 Ro·
2123 3376 2125 3378 -

265 3409 409 3438 manos
448 3398 632 3449 attinet,
673 3398 747 3454 qui
778 3400 822 3441 in
853 3401 981 3451 urbe,
1023 3404 1068 3441 ut
1111 3406 1210 3442 ante
1238 3401 1487 3452 memoravi,
1527 3415 1620 3442 cum
1647 3399 1751 3456 ipsis
1780 3406 2082 3452 remanserant,
2121 3416 2126 3458 j

265 3453 372 3495 nihil
408 3453 461 3495 iis
501 3468 722 3507 annonae,
775 3470 829 3497 ex
866 3470 947 3511 quo
990 3456 1154 3499 obsidio
1196 3463 1348 3514 coepta
1382 3458 1547 3509 fuerat,
1585 3457 1802 3512 impertire
1843 3459 2081 3500 voluerant.
2124 3467 2129 3477 ‘¹

267 3510 379 3552 Hine
416 3510 560 3555 miseri
599 3513 654 3555 ad
695 3513 880 3556 insuetas
921 3512 1097 3570 primum
1137 3526 1258 3556 escas
1295 3515 1523 3570 compulsi,
1559 3514 1674 3557 nulla
1702 3528 1783 3557 non
1811 3529 1860 3558 re
1889 3514 2114 3571 quamvis(
