2254 3814
315 111 436 166 522
1060 110 1393 164 PROCOPII
1431 111 1437 118 ’

313 257 582 325 στρατηγῷ
608 251 723 305 οὕτε
749 249 886 321 ἄλλῳ
911 251 1294 324 στρατευομένῳ
1320 250 1467 321 ἀνδρὶ
1509 250 1801 320 ἐπιτηδείως
1824 249 1936 319 ἕχον
1952 292 1970 317 ,
2008 251 2138 305 ἀλλὰ

252 338 289 380 C
321 333 486 411 δούλῳ
515 337 545 406 ἢ
576 334 753 405 ἰδιώτῃ
773 331 1064 389 παντάπασι
1090 337 1310 406 πρέπον,
1357 342 1614 390 κασοῦλαν
1641 335 1766 390 αὐτὸ
1805 343 1869 408 τῇ
1890 338 2138 390 Λατίνων

254 430 260 434 ’
313 428 458 494 φωνῇ
485 427 696 475 καλοῦσι
714 418 968 487 Ῥωμαῖοι.
1058 419 1228 490 ἐπειδή
1253 443 1306 474 τε
1334 421 1492 490 ἀγχοῦ
1528 428 1623 476 τοῦ
1647 424 1898 475 παλατιόυ
1926 422 2133 491 ἐγένετο,

312 508 376 560 τὰ
410 513 526 560 θεῖα
557 508 608 559 ἓν
629 508 771 578 χερσὶ
806 503 948 574 λόγια
976 507 1115 578 παρὰ
1142 513 1234 559 τοῦ
1259 507 1428 576 ἱερέως
1456 508 1633 575 λαβὼν
1671 513 1745 580 τῷ
1777 511 1827 560 Γ
1825 505 2063 578 ονθάριδι
2089 508 2140 569 ἒς

311 592 434 659 ὄψιν
471 586 621 659 ἦλθεο
706 589 904 662 πρηνής
939 613 993 645 τε
1028 592 1195 645 πεσὼν
1217 590 1406 663 χρόνον
1442 593 1603 646 πολὺν
1630 592 1790 646 αὐτοῦ
1815 592 2001 658 ἔκειτο,
2048 592 2180 662 τὴν5

312 678 564 747 ἱκετηρίαν
593 675 732 749 αὐτῷ
771 674 835 729 τά
860 697 913 729 τε
945 683 1066 730 θεῖα
1102 676 1246 747 λόγια
1288 675 1671 747 προτεινόμενος
1707 680 1790 731 καὶ
1819 678 1879 732 τὸ
1915 679 2136 743 παιδίον,

310 761 431 830 ὅπερ
470 767 564 816 τοῦ
597 764 744 815 θείου
773 767 997 831 λουτροῦ
1020 763 1240 826 ἀξιωθέν
1265 762 1466 831 ἔτυχεν,
1513 763 1602 835 ἐφ’
1634 756 1694 817 οὗ
1721 763 1770 816 οἳ
1791 763 1884 832 τὴν
1915 766 2084 816 πίστιν
2114 760 2140 816 ὅ

312 846 504 917 ἱερεὺς,
551 846 719 919 ὥσπερ
757 869 846 916 μοι
883 846 1113 918 ἐρρήθη,
1172 849 1470 919 παρέσχετο.
1555 850 1660 902 ἐπεὶ
1697 849 1752 902 δὲ
1789 849 1947 902 αὐτὸν
1973 849 2143 911 ἐξανέ-

315 953 498 1002 στησεν
525 931 550 986 ὃ
576 938 626 986 Γ
624 930 838 1003 όνθαρις
869 933 1017 1002 μόλις
1028 975 1044 1000 ,
1092 934 1223 1005 πρὸς
1256 941 1360 988 τῶν
1392 935 1539 1006 ἱερῶν
1573 932 1820 989 ἁπάντων
1846 932 2143 988 ἀνεπυνθά-

319 1040 432 1072 νετο
463 1025 554 1072 τοῦ
580 1023 631 1072 Γ
627 1018 907 1088 ονθάριδος
922 1061 939 1086 ,
992 1020 1104 1073 εἴοῖ
1130 1020 1195 1074 τὰ
1221 1026 1314 1089 τῆς
1343 1022 1600 1091 σωτηρίας
1637 1021 1690 1074 ἓν
1715 1020 1943 1090 ἀσφαλεῖ
1966 1029 2140 1073 κεῖται.
2159 1038 2215 1079 10

312 1106 395 1157 καὶ
421 1103 478 1167 ὃς
507 1110 724 1174 θαρσεῖν
755 1105 913 1159 αὐτὸν
937 1103 1251 1175 ἶσχυρότατα
1276 1105 1374 1174 ἤδη
1397 1106 1646 1159 ἐκέλευεν·
1691 1105 1842 1159 οὐδὲν
1865 1106 1963 1176 γὰρ
1991 1105 2143 1175 ἄχαρι

248 1198 290 1244 D
320 1190 448 1259 πρὸς
477 1191 636 1244 αὐτοῦ
675 1192 975 1256 πείσεσθαι,
1018 1191 1151 1243 ἀλλὰ
1187 1196 1252 1263 τῇ
1288 1188 1533 1266 ὑστεραίᾳ
1565 1189 1655 1254 ξύν
1675 1212 1727 1244 τε
1749 1195 1812 1262 τῇ
1838 1192 2032 1261 γυναικὶ
2059 1192 2144 1244 καὶ

311 1284 420 1337 τοῖς
447 1274 702 1345 χρήμασιν
728 1277 782 1328 ἐκ
820 1273 1159 1346 Καρχηδόνος
1195 1273 1513 1345 οἰχήσεσθαι.
1601 1274 1709 1330 εἶτα
1746 1276 1836 1330 τὸν
1876 1277 2007 1348 ἱερέα
2038 1273 2144 1329 Ῥε-

313 1358 545 1431 πάρατον
567 1360 1034 1430 ἀποπεμψάμενος,
1071 1358 1394 1433 Ἀρεόβινδόν
1418 1383 1473 1415 τε
1496 1364 1579 1415 καὶ
1598 1360 1908 1416 Ἀθανάσιον
1933 1365 2146 1416 δειπνεῖν

310 1445 399 1509 ξὺν
424 1444 565 1520 αὖτῷ
605 1447 657 1500 ἐν
684 1453 757 1522 τῷ
782 1449 1014 1520 παλατίῳ
1037 1449 1242 1502 ἐκέλευε.
1310 1449 1395 1501 καὶ
1418 1450 1718 1502 δειπνοῦντα
1745 1449 1838 1515 μὲν
1868 1448 1957 1502 τὸν
1972 1440 2140 1516 Ἀρεὸ-
2159 1463 2212 1507 15

307 1534 486 1598 βινδον
526 1533 703 1601 ἐτίμα·
747 1539 953 1605 πρῶτον
991 1534 1089 1605 γὰρ
1129 1533 1286 1588 αὐτὸν
1328 1534 1410 1587 ἐπὶ
1445 1539 1539 1603 τῆς
1580 1531 1826 1602 στιβάδος
1867 1535 2140 1599 κατέκλινε,

308 1615 647 1687 δειπνήσαντα
671 1619 726 1672 δὲ
749 1620 808 1673 οὗ
832 1624 1057 1688 μεθῆκεν
1067 1661 1082 1684 ,
1132 1619 1262 1672 ἀλλὰ
1289 1616 1560 1673 καθεύδειν
1583 1620 1635 1673 ἓν
1659 1624 1732 1692 τῷ·
1757 1626 1954 1673 κοιτῶνι
1981 1617 2142 1687 μόνον

132 1714 176 1758 Η
208 1714 288 1758 160
317 1701 587 1774 ἠνάγκαζεν
606 1721 619 1734 ·
647 1697 708 1758 οὗ
731 1705 793 1774 δὴ
819 1706 908 1758 τὸν
942 1705 1194 1759 Οὐλίθεον
1220 1705 1309 1769 ξὺν
1332 1703 1521 1775 ἑτέροις
1541 1707 1672 1759 τισὶν
1698 1705 1786 1758 ἐπ’
1811 1705 1968 1759 αὐτὸν
1992 1705 2145 1772 ἔπεμ-

306 1804 423 1857 ψεν.
511 1792 654 1861 οἵπερ
696 1790 852 1844 αὐτὸν
878 1788 1140 1845 κωκύοντά
1175 1813 1228 1844 τε
1256 1794 1338 1845 καὶ
1367 1791 1634 1862 ὀλολυγαῖς
1656 1800 1863 1859 συχναῖς
1879 1788 2144 1860 χρώμενον

307 1871 474 1928 πολλά
496 1897 549 1929 τε
573 1876 701 1947 πρὸς
732 1876 868 1931 ἔλεον
910 1876 1146 1946 ἐπαγωγὰ
1171 1874 1521 1948 φθεγγόμενον
1547 1878 1600 1939 ἐς
1633 1876 1821 1939 αὐτοὺς
1847 1879 2136 1930 κτείνουσιν.
2155 1890 2213 1931 20

301 1958 617 2014 Ἀθανασιόυ
654 1962 826 2030 μέντοι
866 1964 1161 2034 ἐφείσαντο,
1206 1963 1265 2016 τὸ
1291 1968 1481 2035 γῆρας,
1530 1960 1700 2032 οἶμαι,
1741 1968 1833 2016 τοῦ
1858 1960 2142 2034 ἀνθρώπου

306 2043 642 2118 ὑπεριδόντες.

418 2213 460 2255 9.
492 2208 610 2265 πρός
638 2211 849 2270 Scaiiger.
908 2211 1031 2254 Libri
1057 2208 1200 2264 παρὰ.
1316 2212 1419 2253 ibid.
1461 2210 1596 2267 ἱεραῗν
1627 2212 1662 2256 P
1691 2227 1786 2255 cum
1816 2212 2048 2269 Scaligero.
2082 2213 2142 2257 ἱε-

422 2267 664 2383 Ξῖῗέςῖβ.
795 2271 863 2316 17.
894 2267 1201 2327 δειπνήσαντα
1232 2267 1313 2326 δὲ]
1346 2270 1396 2315 δὲ
1426 2285 1505 2314 om.
1536 2271 1586 2314 L.
1716 2273 1786 2316 19.
1815 2273 2031 2328 συχναῖς]
2063 2286 2142 2316 συ-

312 2497 461 2553 perid
490 2497 679 2550 iuraret,
723 2511 772 2541 ac
816 2498 943 2542 fidem
982 2499 1147 2542 faceret
1183 2497 1420 2556 promissae
1459 2498 1774 2543 incolumitatis.
1832 2495 1929 2543 Hoc
1959 2513 1986 2542 a
2015 2513 2143 2556 prae-

310 2556 401 2597 sule
442 2562 713 2607 consecutus,
752 2557 864 2599 omni
904 2556 1076 2599 abiecta
1116 2557 1411 2610 cunctatione,
1453 2571 1501 2600 se
1543 2557 1607 2599 ini
1648 2556 2016 2609 comitemdedit,
2059 2571 2140 2598 nou

312 2613 536 2656 Praetoria
564 2628 643 2656 nec
673 2613 842 2656 militari
872 2620 992 2657 veste
1021 2613 1210 2665 indutus,
1242 2614 1319 2657 sed
1343 2615 1498 2657 ramulo
1529 2615 1598 2658 vel
1627 2615 1799 2672 privato
1832 2614 1983 2658 homini
2017 2614 2141 2669 plane

311 2670 526 2726 propria,‘
549 2686 672 2726 quam
704 2671 883 2714 Romani
914 2672 1096 2714 casulam
1139 2671 1294 2715 Latine
1328 2678 1497 2717 vacant.
1556 2673 1699 2728 Prope
1729 2672 1932 2730 palatium
1964 2684 2084 2712 sacro
2115 2686 2140 2713 e

306 2741 432 2769 mauu
461 2728 665 2770 antistitis
706 2736 884 2785 accepto
913 2729 1091 2779 codice,
1133 2729 1397 2771 Gontbaridi
1440 2743 1537 2772 sese
1579 2730 1762 2783 obtulit,
1808 2738 1854 2773 et
1894 2730 2140 2785 provolutus

307 2785 380 2826 diu
410 2783 570 2837 iacuit,
613 2786 878 2842 supplicibus
917 2786 1177 2843 protendens
1208 2787 1396 2830 manibus
1425 2801 1590 2830 sacrum
1619 2787 1810 2830 codicem
1843 2793 1887 2829 et
1916 2787 2140 2828 lustratum

306 2842 518 2897 baptismo
548 2857 748 2899 puerum,
791 2858 868 2899 per
898 2858 1019 2900 quem
1049 2844 1219 2900 praesul
1241 2875 1252 2895 ,
1295 2851 1343 2887 ut
1383 2844 1500 2897 dixi,
1537 2844 1663 2888 fidem
1692 2844 1777 2901 ipsi
1804 2843 1992 2887 dederat.
2052 2842 2138 2884 Vix

307 2899 476 2942 tandem
507 2909 706 2956 erectus,
748 2902 994 2944 Gontharin
1024 2915 1102 2957 per
1131 2915 1252 2944 sacra
1281 2902 1422 2944 omnia
1451 2903 1670 2945 obtestans
1703 2910 1854 2957 rogat,
1900 2915 1994 2943 num
2024 2901 2142 2941 salus

308 2956 352 2998 in
381 2962 474 2998 tuto
504 2956 594 2999 sit?
653 2958 729 2999 Ille
758 2959 868 3001 bono
898 2958 1033 3001 animo
1065 2973 1160 3001 esse
1191 2958 1336 3010 iubet,
1370 2959 1579 3015 postridie
1608 2974 1701 3002 cum
1729 2973 1858 3002 uxore
1886 2965 1931 3000 et
1961 2958 2140 3012 pecunia

306 3014 570 3069 Carthagine
622 3013 907 3058 discessurum
956 3015 1221 3059 incolumem.
1281 3016 1393 3059 Tum
1445 3017 1618 3060 dimisso
1665 3017 1885 3071 Reparato
1927 3014 2138 3068 antistite,

307 3071 594 3114 Areobindum
624 3078 669 3113 et
698 3074 971 3116 Athanasium
1000 3073 1045 3115 in
1077 3073 1238 3129 palatio
1268 3088 1427 3117 coenae
1456 3074 1662 3117 adhibuit.
1721 3076 1784 3116 Ac
1814 3072 2010 3115 coenanti
2039 3072 2136 3126 qui-

305 3128 399 3171 dem
419 3128 662 3172 Areobindo
691 3130 890 3172 honorem
918 3131 1132 3180 deferens,
1162 3130 1203 3172 ei
1233 3130 1408 3187 primum
1438 3131 1650 3175 concessit
1675 3129 1719 3172 in
1749 3130 1947 3172 accubito
1978 3131 2136 3171 locum:

308 3193 528 3229 coenatum
568 3193 707 3228 autem
747 3187 953 3239 detinuit,
997 3188 1223 3243 coegitque
1264 3188 1399 3230 solum
1440 3189 1661 3245 quiescere
1701 3187 1746 3229 in
1785 3187 2005 3229 cubiculo:
2053 3199 2135 3241 quo

308 3250 458 3300 postea
487 3243 705 3286 Ulitheum
734 3243 906 3286 immisit
937 3259 1026 3287 cum
1057 3245 1267 3287 nonnuilis
1297 3245 1417 3296 aiiis,
1457 3245 1530 3302 qui
1556 3245 1672 3288 illum
1706 3245 1941 3301 plorantem
1971 3243 2137 3286 eiulan-

306 3310 504 3357 temque,
551 3307 597 3343 et
635 3300 935 3344 miserabiliter
974 3302 1636 3358 deprecantemobtruncarunt.
1695 3303 1950 3345 Abstinuere
1990 3313 2135 3343 manus

308 3361 362 3400 ab
402 3359 659 3410 Athanas3o‚
697 3359 911 3404 senectuti
952 3359 1158 3413 hominis,
1197 3364 1245 3402 ut
1285 3359 1480 3418 equidem
1511 3360 1795 3418 interpretor,
1840 3373 1919 3417 per
1948 3364 2133 3401 contem-

307 3422 423 3473 ptum
450 3421 685 3474 parcentes-
