2254 3814
331 202 456 262 342
1073 199 1407 254 PRocoPn
1474 270 1478 272 ¹

330 345 572 417 πρεσβείᾳ
603 341 929 412 φενακισθείη
943 380 959 406 ,
1006 338 1058 402 ἐς
1082 361 1136 393 τε
1170 338 1424 409 ὀρρωδίαν
1453 339 1744 408 ἐμπέπτωκε
1782 340 1865 391 καὶ
1894 338 1959 391 τὰ
1986 339 2037 401 ἐς
2062 340 2150 392 τὸν

329 427 549 497 πόλεμον
577 424 860 497 ἐξηρτύετο.
949 425 1002 478 οῗ
1025 447 1079 478 τε
1099 423 1338 491 Ῥωμαῖοι
1376 421 1791 495 τεκμηριούμενοι
1821 428 1884 494 τῇ
1921 427 2154 493 ΖΙἸαϊορί-

327 536 419 568 νου
450 512 633 583 ἀρετῇ,
681 511 932 572 εὐέλπιδες
968 507 1064 579 ἤδη
1112 510 1342 578 ἐγένοντο
1378 508 1591 577 Λιβύην
1626 514 1690 580 τῇ
1723 509 1855 580 ἀρχῇ
1880 507 2156 561 ἀνασώσα-

329 605 474 653 σθαι.
566 595 698 648 ἀλλὰ
723 595 914 663 μεταξὺ
950 592 1086 667 νόσῳ
1122 597 1445 664 δυσεντερίας
1483 591 1688 656 ἆλοὺςὸ
1716 597 2008 662 Μαϊορῖνος
2039 596 2155 646 δια-

329 683 594 754 φθείρεται
610 722 626 747 ,
676 680 804 751 ἀνὴρ
826 683 892 734 τὰ
916 681 1008 748 μὲν
1035 683 1104 742 εἷς
1130 680 1251 742 τοὺς
1271 678 1527 748 ὑπηκόους
1553 681 1757 750 μέτριος
1777 678 2009 749 γεγονὼς,
2057 700 2154 749 φο-
2170 689 2196 732 5

325 767 478 837 βερός
512 767 568 819 δὲ
610 766 675 818 τοὶ
715 767 766 827 ἐς
803 765 923 827 τούς
958 767 1247 833 πολεμίους.
1348 767 1432 818 καὶ
1458 766 1644 827 Νέπως
1684 766 1740 818 δὲ
1768 764 1863 834 τὴν
1891 765 2157 831 βασιλειάν

151 870 187 911 Ρ
223 869 300 913 195
330 851 648 921 παραλαβών
673 851 843 920 ὀλίγας
869 873 922 904 τε
944 849 1135 921 ἡμέρας
1161 850 1384 918 ἐπιβιοὺς
1411 849 1699 918 ἐτελεύτησε
1726 847 1882 922 νόσῳ,
1912 851 1997 902 καὶ
2021 853 2071 900 Γ
2068 855 2160 901 λυ-

158 1533 195 1575 V
224 1532 307 1580 357

327 939 490 1009 κε’ριος
520 937 640 1005 μετ’
684 937 841 990 αὐτὸν
875 938 924 999 ἐς
955 933 1146 1004 ταύτην
1183 937 1246 1004 δὴ
1283 936 1557 1007 προελθών
1579 935 1674 1006 τὴν
1700 935 1862 1005 ἀρχὴν
1886 931 2043 1002 τύχην
2066 933 2158 1000 τὴν

328 1022 509 1091 ὁμοίαν
563 1022 827 1091 ἀνέπλησε.
915 1021 1044 1089 μεθ’
1083 1020 1139 1075 ὃν
1192 1013 1599 1091 ὁηΑὕγουστος
1653 1021 1747 1090 τὴν
1800 1016 2159 1088 αὐτοκράτορα

328 1108 491 1179 ἀρχὴν
519 1107 685 1175 ἔλαβε.
770 1112 996 1174 βασιλεῖς
1023 1107 1196 1174 μέντοι
1227 1109 1310 1159 καὶ
1332 1107 1477 1160 ἄλλοι
1498 1104 1745 1177 πρότερον
1770 1106 1822 1158 ἐν
1847 1110 1910 1175 τῇ
1946 1103 2153 1177 {cuspin
2175 1116 2229 1156 10

327 1191 588 1265 γεγόνασιν
602 1234 618 1257 ,
681 1185 845 1262 ὧνπερ
871 1192 938 1244 τὰ
974 1190 1204 1259 ὀνόματα
1231 1189 1614 1258 ἐξεπιστάμενος
1647 1188 1716 1252 ὥς
1741 1189 1924 1259 ἥκιστα
1948 1186 2159 1257 ἐπιμνή-

328 1299 500 1347 σομαι.
583 1275 769 1348 χρόνον
795 1299 849 1330 τε
872 1276 968 1346 γὰρ
995 1276 1170 1338 αὖτοΐς
1194 1282 1257 1347 τῇ
1283 1275 1415 1347 ἀρχῇ
1445 1276 1612 1345 ὀλίγον
1634 1275 1746 1328 τινὰ
1775 1275 2039 1342 ἐπιβιῶναι
2075 1275 2161 1326 καὶ

330 1364 424 1417 ἀπ’
460 1362 621 1416 αὐτοῦ
660 1359 811 1431 λόγου
851 1361 992 1424 ἄξιον
1033 1361 1182 1416 οὐδὲν
1214 1361 1520 1433 πεπραχέναι
1544 1360 1793 1424 ξυνέπεσε.
1877 1359 2161 1427 ταῦταμὲν

328 1450 380 1502 ἐν
405 1453 470 1521 τῇ
500 1446 707 1522 ἕσπερία
731 1446 939 1516 ἐγένετο.

498 1533 584 1586 Ἕν
620 1533 676 1586 δὲ
706 1533 972 1605 Βυζαντίῳ
1010 1529 1036 1585 ὅ
1076 1532 1384 1593 Βασιλίσκος
1418 1529 1516 1603 (οὗ
1550 1529 1649 1600 γὰρ
1682 1527 1754 1582 ἔτι
1778 1523 1885 1589 οἷός
1907 1549 1959 1581 τε
1985 1522 2049 1597 ἦν
2070 1527 2160 1581 τὸν
2177 1535 2231 1580 15

327 1617 493 1688 ἔρωτα
524 1624 617 1687 τῆς
640 1619 902 1685 βασιλείας
921 1614 1235 1686 βιάζεσθαι)
1263 1617 1523 1687 τυραννίδι
1559 1614 1856 1682 ἐπιθέμενος
1889 1611 2162 1684 ἐκράτησεν

329 1704 496 1758 οὐδενὶ
523 1701 692 1777 πόνῳ,
739 1702 983 1773 Ζήνωνος
1022 1701 1153 1769 ὅμοῦ
1187 1707 1251 1774 τῇ
1293 1703 1487 1772 γυναικὶ
1528 1700 1579 1763 ἐς
1601 1699 1695 1769 τὴν
1723 1699 2010 1769 Ἰσαυριάν,
2058 1698 2156 1768 ἀφ’
2195 1766 2208 1777 .

266 1802 304 1845 B
335 1783 394 1857 ’ἧς
430 1788 493 1858 δὴ
536 1787 778 1860 ὡρμᾶτο,
840 1785 1195 1858 διαφυγόντος.
1285 1786 1447 1855 ἔχοντι
1485 1786 1541 1839 δὲ
1579 1785 1721 1856 αὐτῷ
1759 1783 1851 1853 τὴν
1885 1786 2163 1854 τυραννίδα

330 1871 560 1927 ἐνιαυτόν
602 1895 655 1927 τε
696 1877 779 1926 καὶ
814 1879 986 1942 μῆνας
1034 1872 1167 1926 ὀκτώ
1210 1873 1262 1926 o‘c'
1302 1893 1355 1925 τε
1391 1871 1539 1924 ἄλλοι
1579 1867 1648 1932 ὥς
1683 1867 2164 1940 εἷπεΐνξύμπαντες
2245 1929 2250 1935 J

329 1961 412 2013 καὶ
439 1960 488 2013 οἳ
511 1964 603 2028 τῆς
631 1959 789 2027 αὐλῆς
826 1963 1136 2029 στρατιῶται
1155 2027 1160 2034 ,
1178 1957 1262 2010 διὰ
1290 1957 1696 2028 φιλοχρηματίας
1722 1955 1940 2023 μέγεθος
1969 1954 2233 2022 ἤχθω-20

328 2065 407 2099 το.
469 2036 539 2098 ὧν
569 2044 629 2112 δὴ
658 2043 841 2113 Ζήνων
867 2041 1178 2111 αἰσθόμενος
1199 2041 1445 2114 στρατιάν
1469 2063 1520 2094 τε
1546 2041 1746 2110 ἀγείρας
1773 2040 1855 2092 ἐπ’
1889 2040 2046 2093 αὐτὸν
2066 2039 2159 2111 ᾔει.

331 2131 640 2191 Βασιλίσκός
669 2131 725 2183 δὲ
758 2126 981 2200 στρατόν
1005 2150 1059 2183 τε
1091 2131 1176 2182 καὶ
1201 2127 1486 2200 στρατηγὸν
1507 2125 1766 2198 ’Ἀρματον
1788 2122 1858 2187 ὥς
1894 2123 2163 2188 ἀντιταξό-

442 2309 485 2352 9.
517 2303 809 2364 Αὔγουστος]
850 2303 924 2350 ὅτι
953 2300 1209 2361 αύγοῦστος
1240 2301 1265 2350 ὁ
1296 2301 1440 2356 αὐτός
1478 2296 1539 2361 ἦν
1564 2302 1643 2347 καὶ
1683 2297 1891 2359 ρωμύλος
1920 2299 1945 2348 ὃ
1974 2299 2048 2346 ἐπὶ
2079 2299 2161 2357 ζή-

442 2379 593 2417 νωνος
631 2365 810 2421 κρατῶν
848 2361 898 2408 ἐν
935 2362 1065 2421 ῥώμῃ
1103 2367 1193 2407 Am.
1254 2363 1523 2419 Augustulus
1561 2361 1656 2404 RV.
1804 2361 1906 2403 ibid.
1935 2356 2163 2416 αὐτοκρά-

442 2438 558 2476 τορα
584 2423 633 2464 L.
694 2426 1065 2477 αυτοκρατορίαν
1105 2421 1155 2463 Ρ.
1280 2423 1353 2464 22.
1382 2418 1637 2475 Ἀρματον]
1672 2413 1883 2472 ἅρματον
1915 2417 2052 2462 LHm.
2109 2418 2160 2460 In

440 2478 675 2538 Excerptis
706 2480 985 2535 Legationum
1015 2478 1138 2522 modo
1166 2474 1378 2536 Ἀρμοῖτος
1405 2477 1530 2521 modo
1551 2475 1806 2534 ‘Aemines-

332 2631 545 2676 Maiorino
584 2633 628 2675 in
669 2634 885 2690 legatione
926 2633 1287 2690 circumscriptum
1328 2632 1555 2690 cognovit,
1593 2632 1718 2688 gravi
1758 2635 1874 2676 metu
1916 2635 2160 2688 correptus,

332 2704 444 2745 quae
474 2690 530 2732 ad
560 2691 711 2734 bellum
743 2708 850 2749 opus
892 2702 1015 2736 erant
1042 2693 1248 2749 expediit.
1307 2691 1508 2735 Romanis
1537 2695 1766 2747 perspecta
1794 2688 1993 2732 Maiorini
2023 2689 2160 2731 virtus

331 2746 416 2788 iam
443 2760 561 2802 spem
591 2748 790 2805 optimam
818 2751 1008 2802 fecerat,
1050 2752 1147 2793 fore
1175 2754 1224 2791 ut
1253 2749 1440 2792 Africam
1469 2747 1652 2805 Imperio
1680 2752 1982 2803 recuperaret:
2011 2754 2161 2787 verum
2235 2743 2239 2785 Ϊ

333 2803 611 2859 dysenteria,
654 2821 705 2848 ac
745 2807 923 2850 subinde
965 2813 1098 2850 morte
1133 2806 1396 2863 interceptus
1437 2812 1532 2858 est,
1571 2804 1640 2847 vir
1681 2804 1864 2847 subditis
1903 2802 2159 2856 commodus,

333 2859 525 2903 hostibus
554 2862 846 2907 formidabilis.
904 2866 1055 2920 Nepos
1091 2865 1275 2921 adeptus
1315 2863 1569 2919 Imperium,
1611 2876 1663 2904 ac
1701 2873 1858 2919 paucos
1887 2859 1978 2901 dies
2007 2873 2161 2915 super-

331 2922 435 2972 steS,
465 2919 611 2960 morbo
639 2920 830 2963 interiit:
860 2921 1014 2964 deinde
1045 2921 1275 2977 Glycerius
1303 2920 1479 2963 eandem
1510 2918 1757 2974 dignitatem
1786 2923 2022 2969 assecutus,
2054 2929 2159 2957 eun·
2223 2911 2247 2955 '.

331 2974 426 3016 dem
456 2975 606 3018 habuit
645 2977 765 3020 vitae
794 2978 964 3021 exitum.
1023 2979 1130 3021 Post
1172 2979 1283 3020 hunc
1311 2991 1452 3020 rerum
1481 2976 1645 3033 potitus
1686 2980 1751 3017 est
1779 2976 2011 3028 Augustus.
2072 2971 2160 3014 Alii
2206 2979 2213 2984 ’

330 3030 375 3072 in
405 3033 644 3075 Occidente
673 3035 847 3078 fuerunt
875 3042 1002 3077 antea
1031 3036 1340 3090 Imperatores:
1385 3047 1562 3090 quorum
1591 3030 1675 3073 etsi
1704 3030 1870 3073 nomina
1899 3037 2050 3080 teneo,
2089 3035 2159 3072 ta-
2212 3029 2245 3090 J

333 3102 452 3140 men,
495 3090 595 3145 quia
634 3090 738 3132 nihil
764 3093 1035 3135 memorabile
1064 3094 1117 3133 ob
1147 3093 1319 3135 brevem
1349 3092 1393 3134 in
1426 3089 1670 3145 principatu
1710 3088 1841 3131 vitam
1870 3101 2068 3144 gessere,
2098 3086 2159 3129 si-
2229 3114 2236 3126 .

330 3145 460 3188 lentio
489 3147 842 3202 praetermittam.
904 3150 1124 3191 Hactenus
1153 3149 1208 3190 de
1237 3149 1363 3191 rebus
1393 3145 1656 3188 Occidentis.
2224 3181 2228 3199 =

446 3204 647 3259 Byzantii
675 3206 932 3256 Basiliscus,
967 3205 1167 3261 cupidine
1196 3204 1406 3260 regnandi
1433 3203 1589 3254 victus,
1620 3201 1864 3244 affectatam
1890 3199 2158 3257 tyrannidem
2221 3203 2229 3255 ζ’

332 3259 448 3302 nullo
479 3262 651 3315 negotio
685 3261 893 3313 obtinuit,
923 3262 1097 3304 Zenone
1137 3277 1230 3304 cum
1260 3275 1392 3304 uxore
1418 3274 1497 3302 sua
1523 3259 1569 3301 in
1598 3259 1823 3311 Isauriam,
1865 3257 1976 3300 unde
2005 3257 2156 3300 oriun-
2223 3260 2228 3269 ¹

332 3317 412 3359 dus
443 3322 567 3369 erat,
596 3319 702 3373 fuga
731 3318 910 3376 dilapso.
972 3320 1053 3362 Per
1081 3332 1232 3361 annum
1263 3331 1385 3360 unum
1415 3329 1663 3371 mensesque
1702 3320 1799 3358 octo
1829 3319 2031 3371 tyrannus
2062 3316 2155 3356 fue-

331 3380 424 3426 rat,
471 3389 562 3416 cum
591 3375 708 3417 Zeno
739 3380 783 3418 et
813 3376 1027 3432 palatinos
1066 3380 1109 3417 et
1141 3380 1335 3417 caeteros
1370 3375 1462 3416 fere
1503 3387 1644 3415 omnes
1674 3373 1828 3416 milites
1857 3386 2014 3414 summa
2042 3370 2154 3413 illius
2224 3382 2225 3386 ’

330 3431 514 3475 avaritia
554 3433 742 3474 offensos
780 3433 981 3486 audiens,
1026 3438 1244 3475 contracto
1297 3431 1487 3474 exercitu
1539 3431 1720 3473 infestus
1761 3429 1892 3472 venit.
1965 3428 2154 3471 Emissus

329 3491 487 3531 contra·
507 3504 534 3532 a
562 3490 770 3533 Basilisco
801 3505 893 3534 cum
923 3489 1058 3548 copiis
1086 3491 1284 3533 Armatus
1313 3489 1420 3537 duX,
1465 3488 1629 3530 collatis
1657 3487 1809 3531 castris
1827 3518 1841 3540 ,
1870 3499 1922 3529 ea
1950 3486 2049 3540 lege
2078 3498 2153 3526 ex-
2209 3485 2237 3550 ’,ᾗ
