2254 3814
296 145 413 202 248
747 195 750 199 ,
1038 139 1373 194 PROCOPII

291 291 344 341 Γ
340 285 541 357 ελίμερα
567 279 950 353 δορυάλωτον-ἢ
971 280 1065 335 τὸν
1094 280 1349 351 Οὖίττιγιν
1379 277 1430 342 ἔς
1450 274 1731 344 Βυζάντιον
1751 278 1966 348 ἤνεγκεν.
2053 272 2116 348 ἦν

290 372 385 442 γὰρ
429 369 496 432 ὥς
539 370 749 436 ἀληθῶς
782 365 933 436 λόγου
970 369 1053 420 καὶ
1094 367 1298 419 ἐπαίνου
1326 371 1515 420 πολλοῦ
1542 364 1712 429 ἀξιον,
1751 363 2115 434 πεφοβημένων

289 458 382 524 μὲν
414 455 507 508 κάν
533 462 639 514 τοῖς
670 449 965 521 ὀχυρώμασι
989 451 1348 521 κρυπτομένων
1367 449 1629 518 Ῥωμαίων
1652 446 1891 502 ἀπάντων
1903 489 1920 513 ,
1966 453 2116 502 Χοσ-

114 558 150 600 Ρ
182 557 261 602 141
293 539 416 611 ρόου
442 540 496 590 δὲ
517 541 722 608 στρατῷ
743 534 947 609 μεγάλῳ
971 538 1023 590 ἓν
1045 537 1174 608 με’σῃ
1198 533 1457 606 γεγονότος
1473 533 1735 602 Ῥωμαίων
1757 533 1906 604 ἀρχῇ,
1951 533 2117 602 ἄνδρα

289 622 574 695 στρατηγὸν
622 621 710 684 ξὺν
762 621 946 690 ὀλίγοις
998 624 1099 675 τισὶ
1155 620 1330 693 δρόμῳ
1377 620 1483 683 ὃξεΐ
1521 621 1576 672 ἐκ
1611 622 1894 684 Βυζαντίου
1925 618 2154 686 μεταξύὅ

290 709 479 777 ἥκοντα
519 705 612 758 ἀπ’
651 707 881 769 ἐναντίας
921 711 1014 759 τοῦ
1041 710 1260 772 Περσῶν
1282 705 1533 773 βασιλέως
1558 701 2115 774 στρατοπεδεύσασθαι,

291 789 536 860 Χοσρόην
575 792 631 843 δὲ
669 792 723 843 ἐκ
757 797 849 844 τοῦ
884 789 1302 862 ἀπροσδοκήτου,
1349 789 1382 859 ἢ
1427 790 1521 858 τὴν
1558 786 1716 858 τύχην
1753 788 1783 856 ἢ
1821 789 1914 856 τὴν
1937 788 2120 859 ἀρετὴν

288 883 383 931 τοῦ
414 876 600 947 ἀνδρὸς
621 878 858 929 δείσαντα
882 876 915 946 ἢ
944 880 1031 931 καί
1056 898 1185 932 τισιν
1211 875 1597 943 ἐξαπατηθέντα
1633 876 1973 945 σοφίσμασιν,
2012 875 2120 926 ἐπί-

290 968 491 1031 προσθε
518 962 695 1029 μηκέτι
715 968 977 1033 χωρῆσαι,
1023 962 1153 1016 ἀλλὰ
1180 969 1253 1037 τῷ
1276 963 1369 1030 μὲν
1391 960 1519 1035 ἔργῳ
1541 968 1744 1033 φυγεῖν,
1789 956 1923 1033 λόγῳ
1948 959 2005 1011 δὲ
2030 963 2121 1029 τῆς

289 1045 490 1119 εῗρήνης
519 1047 772 1117 ἐφίεσθαι.
2136 1057 2191 1099 10

455 1132 539 1184 Ἔν
566 1129 730 1203 τούτῳ
754 1133 810 1184 δὲ
831 1129 1079 1200 Χοσρόης
1108 1127 1366 1200 ἀλογήσας
1389 1130 1454 1183 τὰ
1483 1127 1846 1199 ὡμολογημένα
1876 1129 2121 1183 Καλλίνι-

291 1239 380 1271 κον
406 1214 550 1270 πόλιν
575 1216 777 1278 οὐδενὸς
803 1217 861 1269 τὸ
886 1214 1130 1286 παράπαν
1150 1215 1467 1283 ἀμυνομένου
1493 1212 1605 1268 εἷλε.
1693 1212 1885 1282 ταύτης
1912 1213 2008 1284 γὰρ
2031 1213 2121 1267 τὸν

289 1304 562 1372 περίβολον
596 1300 813 1372 ὁρῶντες
835 1299 1072 1367 Ῥωμαῖοι
1096 1298 1301 1369 σαθρόν
1326 1320 1378 1352 τε
1405 1300 1487 1352 καὶ
1518 1295 1774 1352 εὐάλωτον
1798 1295 2120 1352 παντάπασιν

294 1386 418 1441 ’ὅντα
435 1428 450 1451 ,
497 1394 684 1457 μοῖραν
712 1386 871 1439 αὐτοῦ
903 1386 978 1438 ἀεὶ
1005 1383 1377 1455 καθαιροῦντές
1403 1405 1549 1450 τινα,
1592 1384 1682 1457 νέα
1707 1386 1802 1438 τινὶ
1828 1383 2118 1437 ἀνενεοῧντο

225 1478 265 1521 Β
294 1473 574 1544 οἰκοδομία.
661 1469 777 1523 τότε
810 1476 932 1541 γοῦν
970 1471 1124 1539 μέρος
1156 1491 1204 1524 τι
1240 1469 1399 1523 αὐτοῦ
1437 1467 1768 1535 καθελόντες,
1816 1468 1959 1523 οὔπω
1981 1470 2035 1522 δὲ
2060 1469 2117 1523 τὸ
2136 1484 2189 1528 15
2235 1524 2239 1536 ,

290 1554 583 1623 λειπόμενον
621 1561 774 1609 τοῦτο
810 1553 1127 1628 δειμάμενοι,
1174 1555 1342 1622 ἐπειδὴ
1367 1555 1487 1617 τοὺς
1509 1557 1779 1622 πολεμίους
1807 1552 2020 1624 ἅγχιστά
2049 1577 2120 1623 πη

287 1639 545 1695 ἐπύθοντο
586 1638 711 1694 εἶναι
747 1647 850 1695 τῶν
880 1639 1162 1712 χρημάτων
1195 1638 1592 1710 ὑπεξαγαγόντες
1618 1640 1682 1692 τὰ
1712 1638 2023 1707 τιμιώτατα,
2072 1640 2122 1693 οἱ

286 1728 379 1796 μὲν
417 1725 709 1792 εὐδαίμονες
746 1727 907 1796 αὐτῆς
947 1732 1050 1780 τῶν
1090 1724 1369 1795 οἰκητόρων
1405 1727 1457 1788 ἐς
1489 1726 1631 1795 ἕτερα
1656 1724 1786 1778 ἄττα
1809 1722 2120 1795 ὀχυρώματα

288 1809 658 1878 ἀπεχώρησαν,
703 1813 750 1864 οἶ
776 1814 830 1865 δὲ
859 1814 1022 1865 λοιποὶ
1046 1816 1373 1881 στρατιωτῶν
1395 1813 1554 1881 χωρὶς
1581 1806 1744 1863 αὐτοῦ’
1768 1809 1981 1878 ἔμειναν.
2036 1812 2119 1863 καὶ

285 1901 520 1967 γεωργῶν
544 1897 598 1947 δὲ
622 1893 863 1963 πάμπολύ
888 1918 935 1949 τι
959 1903 1136 1965 χρῆμα
1164 1898 1394 1949 ἐνταῦθα
1419 1895 1733 1962 ξυνειλίχθαι
1761 1896 1960 1965 ξυνέβη.
2031 1895 2186 1958 οῧςξζο

288 1982 351 2049 δὴ
378 1979 403 2034 ὁ
429 1978 675 2050 Χοσρόης
699 1982 1082 2051 ἀνδραποδίσας
1109 1979 1313 2034 ἅπαντα
1340 1983 1390 2042 ἐς
1414 1980 1604 2052 ἔδαφος
1629 1986 1879 2034 καθεῖλεν.
1968 1980 2119 2053 ὀλίγῳ

288 2067 344 2119 δὲ
385 2063 598 2133 ὕστερον
635 2066 724 2120 τὸν
763 2066 956 2138 ὅμηρον
992 2063 1233 2135 Ἰωάννην
1272 2063 1540 2135 δεξάμενος
1576 2063 1902 2137 ἀπεχώρησεν
1942 2068 2012 2128 εἷς
2053 2066 2120 2120 τὰ

286 2147 478 2222 πάτρια
505 2150 633 2218 ἤθη.

401 2259 459 2358 ἑὲ
482 2254 735 2371 Οδιξιῖτιγιί]
765 2257 988 2315 ἰοΰττιγιν
1016 2258 1068 2301 Α.
1129 2253 1326 2314 ἰούτιγιν
1355 2256 1415 2301 Η.
1528 2257 1601 2303 21.
1634 2253 1839 2314 ἅπαντα]
1869 2252 1996 2302 ἅπαν
2023 2257 2118 2301 HL.

460 2344 471 2356 .
537 2329 555 2357 ε
613 2330 661 2360 τε
732 2347 743 2358 .

287 2426 376 2455 rem
419 2411 668 2465 videbatur,
709 2427 833 2470 quam
873 2427 966 2457 cum
1004 2412 1218 2471 captivum
1259 2410 1515 2456 Gelimerem
1550 2417 1624 2456 aut
1652 2412 1840 2512 Vittigin
1868 2412 2120 2470 Byzantium

287 2470 549 2525 deportavit.
600 2471 674 2525 ‚Et
718 2477 836 2512 certe
878 2471 1011 2526 digna
1050 2485 1119 2514 res
1151 2470 1464 2514 existimatione
1493 2476 1589 2513 erat
1616 2484 1668 2514 ac
1696 2470 1764 2512 lau
1797 2485 1822 2513 e
1849 2471 2121 2528 amplissima,

289 2540 382 2568 cum
413 2526 590 2569 Romani
619 2527 662 2569 in
693 2528 951 2571 munimenta
979 2527 1114 2571 abditi
1144 2541 1287 2571 omnes
1316 2527 1612 2584 trepidarent,
1640 2533 1686 2571 et
1714 2528 1927 2571 chosroes
1954 2528 2121 2583 ingenti

286 2582 530 2625 succinctus
560 2584 754 2626 exercitu
785 2585 827 2626 in
858 2584 1087 2628 Romanum
1116 2585 1342 2641 Imperium
1381 2589 1675 2640 penetrasset,
1719 2590 1823 2627 tunc
1866 2585 2120 2640 Magistrum

287 2639 465 2682 militum
496 2641 706 2696 Byzantio
737 2655 830 2683 cum
860 2642 1010 2698 paucis
1039 2642 1194 2699 raptim
1226 2642 1490 2699 profectum,
1517 2648 1662 2684 castra
1689 2641 1937 2698 opposuisse
1962 2642 2122 2684 Persa-

289 2710 382 2739 rum
412 2697 547 2751 Regi,
592 2711 644 2738 ac
674 2707 851 2753 repente
882 2700 1141 2751 Chosroem‚
1180 2713 1255 2741 seu
1285 2699 1499 2742 fortunam
1527 2698 1640 2750 viri,
1670 2711 1745 2740 seu
1775 2698 1972 2742 virtutem
2003 2698 2121 2742 veri-

289 2760 401 2803 tum,
441 2754 533 2796 sive
572 2753 700 2796 etiam
739 2755 905 2796 callidis
947 2756 1194 2812 quibusdam
1225 2755 1408 2798 inventis
1437 2755 1822 2811 circumscriptum,
1871 2755 1987 2798 haud
2019 2771 2120 2812 pro-

292 2810 476 2876 cessisse
518 2810 660 2862 ultra,
703 2811 778 2853 sed
819 2813 950 2855 verbo
980 2814 1248 2857 mentientem
1276 2812 1461 2856 studium
1491 2811 1638 2869 pacis,
1676 2827 1726 2856 re
1750 2812 1847 2870 ipsa
1874 2814 2017 2869 fugam
2047 2828 2120 2856 ce·

321 2880 419 2909 isse.

287 2881 318 2924 P
402 2923 574 2965 Interea
613 2923 856 2977 ChosroeS‚
901 2929 1029 2969 exuta
1067 2925 1262 2982 promissi
1302 2924 1414 2978 fide,
1457 2924 1703 2969 Callinicum
1733 2926 1904 2976 urbem,
1947 2925 2116 2968 omnino

288 2979 579 3031 indefensam,
611 2980 738 3036 cepit.
800 2982 972 3024 Etenim
1000 2983 1181 3026 Romani
1210 2997 1302 3025 cum
1331 2982 1424 3025 eius
1453 2995 1591 3025 muros
1619 2981 1811 3024 ruinosos
1840 2995 1934 3024 esse
1962 2989 2008 3024 et
2038 2997 2116 3024 ex-

291 3036 479 3093 pugnari
509 3050 636 3093 posse
664 3037 792 3080 facile
822 3038 1029 3090 viderent,
1062 3054 1144 3082 non
1173 3041 1400 3082 cessabant
1429 3046 1593 3096 partem
1619 3038 1784 3081 illorum
1815 3038 2006 3081 demoliri
2035 3038 2118 3081 ali-

290 3108 440 3150 quam,
481 3108 531 3136 ac
564 3108 676 3136 nova
715 3095 897 3137 subinde
927 3102 1143 3139 structura
1171 3096 1423 3139 instaurare.
1482 3096 1607 3138 Tunc
1632 3094 1767 3150 igitur
1795 3102 1920 3151 parte
1950 3096 2113 3148 diruta,

289 3150 468 3193 necdum
498 3156 700 3206 reparata
728 3151 849 3202 labe,
876 3152 948 3194 ubi
977 3153 1141 3195 hostem
1170 3152 1512 3210 appropinquare
1542 3150 1727 3194 auditum
1750 3158 1840 3203 est,
1873 3152 1988 3195 cives
2006 3167 2114 3208 opu-

290 3207 423 3259 lenti,
463 3221 571 3262 quae
600 3208 814 3250 habebant
842 3208 1172 3263 pretiosissima,
1213 3224 1356 3252 secum
1386 3214 1685 3264 exportantes,
1716 3209 1762 3252 in
1790 3209 1876 3252 alia
1903 3211 2114 3266 quaedam

289 3263 451 3309 munita
477 3265 573 3306 loca
600 3263 856 3319 migrarunt=
898 3264 1052 3321 reliqui
1082 3281 1109 3309 a
1146 3266 1348 3309 militibus
1379 3265 1530 3321 inopes
1561 3265 1622 3309 ibi
1661 3272 1963 3309 remanserunt.
2022 3266 2113 3310 Eo-

289 3322 384 3364 dem
414 3320 592 3378 plurima
621 3321 899 3376 agricolarum
926 3324 1055 3367 turba
1084 3322 1364 3375 confluxerat,
1394 3323 1547 3378 quibus
1576 3322 1789 3366 chosroes
1812 3323 2011 3367 servituti
2034 3322 2112 3368 ad-

292 3377 443 3428 dictis,
489 3379 627 3421 omnia
654 3379 743 3421 solo
773 3379 997 3438 aequavit:
1041 3394 1120 3424 nec
1142 3381 1288 3434 ,multo
1318 3385 1416 3436 post
1443 3379 1602 3424 Ioanne
1628 3380 1778 3424 obside
1805 3386 2002 3438 recepto,
2040 3394 2112 3423 re-

291 3434 448 3479 meavit
474 3435 520 3479 in
549 3435 751 3494 patriam.
