2184 3822
266 212 339 267 12
732 198 734 200 ’
762 195 766 199 ’
1002 208 1334 265 PROCOPH

247 370 403 422 >γουσι
425 356 531 414 τοῖς
558 350 814 420 πολεμίοις
836 347 1286 404 έπιτέθεσθαιόἶοί
1318 372 1371 404 τε
1396 342 1528 420 ἦσαν
1540 389 1558 417 ,
1617 347 1678 403 οὗ
1702 347 1804 417 μὴν
1830 347 1948 402 οῧδὲ
1974 348 2072 403 ἀπὸ

258 443 349 490 τοῦ
382 438 639 507 ε’μφανοῢς
665 433 1028 502 διαμάχεσθαι,
1074 432 1204 488 ἄλλά
1230 457 1278 489 τι
1312 435 1534 488 κλέπτειν
1558 431 1767 488 ἐδόκουν
1798 432 1872 487 ἀεὶ
1897 440 1997 487 τῶν
2022 437 2073 487 ἓν

254 528 318 592 τῇ
354 525 580 592 ξυμβολῇ
612 521 898 590 γινομένων.
1009 518 1126 573 ἄνευ
1172 521 1228 574 δὲ
1269 518 1465 574 τούτων
1495 517 1659 581 οὕτως
1706 516 2073 588 ἀταλαιπώρως

126 622 169 665 Η
196 623 226 667 2
255 607 472 676 ἐχρῶντο
497 611 561 676 τῇ
584 605 761 675 τέχνῃ,
810 602 940 657 ὥστε
967 602 1276 667 πελάσαντες
1299 610 1372 679 τῷ
1399 605 1625 677 σφετέρῳ
1656 606 1800 675 μαζῷ
1839 603 1932 671 τὴν
1959 624 2073 655 νευ-

251 691 346 761 ρὰν
382 688 490 742 εἶτα
524 689 582 741 τὸ
621 689 770 755 βέλος
803 688 1018 760 ἠφίεσαν
1054 687 1226 761 κωφόν
1252 711 1305 743 τε
1337 691 1420 742 καὶ
1450 688 1714 741 οὗτιδανόν
1740 686 1942 749 εἰκότως
1967 697 2113 750 τοῖς5

250 775 535 843 δεχομένοις
569 763 823 841 ἐσόμενον.
920 772 1130 845 τοιαύτη
1162 774 1255 844 μέν
1297 795 1373 836 τις
1408 767 1535 828 οὖσα
1569 771 1600 841 ἦ
1636 774 1803 836 τοξεία
1844 774 2072 843 φαίνεται

248 857 510 931 πρότερον.

129 987 165 1029 P
197 988 225 1031 7
429 972 494 1026 Οἳ
519 969 579 1027 δέ
606 993 659 1043 γε
684 976 841 1027 τανῧν
880 970 1082 1039 τοξόται
1126 973 1232 1029 ἴασι
1257 973 1350 1043 μὲν
1373 974 1423 1036 ἒς
1451 967 1619 1041 μάχην
1646 969 2074 1042 τεθωρακισμένοι

246 1079 301 1112 τε
328 1059 410 1111 καὶ
437 1061 685 1127 κνημῖδας
712 1058 1112 1131 ἕναρμοσοῖμενοι
1133 1060 1280 1130 μέχρι
1303 1060 1354 1122 ές
1379 1055 1518 1128 γόνυ.
1581 1055 1797 1127 ἤρτηται
1823 1058 1878 1109 δὲ
1902 1055 2076 1117 αὐτοῖς

249 1142 348 1196 ἀπὸ
374 1144 466 1212 μέν
500 1149 595 1212 τῆς
617 1146 781 1206 δεξιᾶς
809 1150 1030 1214 πλευρᾶς
1067 1145 1132 1198 τὰ
1159 1146 1316 1214 βέλη,
1364 1143 1467 1197 ἀπὸ
1509 1143 1565 1196 δὲ
1586 1147 1678 1211 τῆς
1713 1139 1888 1211 ἑτέρας
1912 1140 1970 1193 τὸ
1996 1142 2070 1203 ξί-
2087 1158 2143 1202 10

249 1248 363 1299 φος.
451 1230 543 1281 εἶσὶ
569 1229 624 1281 δὲ
656 1226 732 1291 οἷς
753 1231 836 1282 καὶ
875 1227 1000 1300 δόρυ
1027 1230 1513 1300 προσαποκρέμαται
1547 1232 1630 1280 καὶ
1652 1223 1866 1296 βραχεῖά
1888 1246 1965 1287 τις
1991 1226 2073 1278 ἐπὶ

246 1318 352 1366 τῶν
383 1311 534 1380 ὤμων
576 1313 726 1376 ἀσπὶς
766 1312 951 1383 ὄχᾶνου
971 1317 1158 1387 χωρὶς,
1207 1318 1288 1368 οἵα
1331 1311 1397 1368 τά
1428 1335 1482 1385 τε
1525 1311 1659 1382 ἀμφὶ
1695 1311 1756 1364 τὸ
1799 1309 2072 1381 πρόσωπον

248 1399 332 1452 καὶ
357 1398 444 1451 τὸν
469 1396 654 1465 αὐχένα
682 1397 1044 1454 ἓπικαλύπτειν.
1113 1398 1403 1453 ἱππεύονται
1424 1399 1480 1451 δὲ
1505 1395 1783 1468 ὥςῖίριστα
1810 1398 1894 1449 καὶ
1915 1395 2072 1449 θέον-

246 1503 336 1544 τος
361 1482 534 1544 αὖτοῒς
560 1481 630 1545 ὥς
653 1480 867 1551 τάχιστα
897 1490 989 1537 τοῦ
1026 1486 1185 1537 ἵππου
1212 1484 1277 1537 τὰ
1312 1481 1438 1546 τόξα
1466 1503 1520 1535 τε
1550 1481 1609 1534 οὗ
1643 1485 1879 1549 χαλεπῶς
1917 1481 2070 1533 ἐντεί-

246 1589 347 1622 νειν
370 1565 471 1620 οἷοί
499 1566 558 1620 τέ
591 1570 712 1620 εἶσιν
736 1569 821 1638 ἐφ’
864 1566 1077 1639 ἑκάτερα
1106 1571 1190 1622 καὶ
1225 1564 1503 1628 διώκοντάς
1526 1587 1580 1619 τε
1600 1563 1805 1633 βάλλειν
1830 1564 1949 1627 τοὺς
1974 1587 2069 1618 πο-
2084 1581 2140 1626 15

243 1653 447 1720 λεμιόυς
477 1653 561 1705 καὶ
593 1646 885 1722 φεύγοντας.
970 1654 1165 1707 ἕλκεται
1204 1655 1260 1707 δὲ
1291 1652 1467 1714 αὐτοῖς
1508 1649 1640 1703 κατὰ
1675 1650 1733 1703 τὸ
1775 1648 2067 1719 μέτωπονῆ

178 1753 214 1796 Β
245 1738 416 1809 νευρὰ,
463 1735 594 1807 παρ’
625 1737 750 1791 αὐτὸ
778 1737 1004 1806 μάλιστα
1031 1743 1134 1792 τῶν
1160 1737 1304 1793 ὤτων
1327 1737 1387 1791 τὸ
1418 1735 1600 1802 δεξιὸν,
1634 1732 1889 1804 τοσαύτης
1913 1737 2072 1803 ἀλκῆς
2096 1733 2124 1761 ⁸

240 1824 541 1891 έμπιπλῶσα
569 1821 628 1874 τὸ
655 1823 832 1889 βέλος,
880 1822 1009 1876 ὥστε
1036 1823 1125 1876 τὸν
1154 1823 1230 1876 ἀεὶ
1256 1823 1648 1891 παραπίπτοντα
1674 1821 1903 1886 κτείνειν,
1954 1819 2071 1873 οὕτε

240 1908 458 1969 ἀσπίδος
480 1907 605 1968 ἴσως
627 1907 742 1961 οὔτε
776 1905 1019 1977 θώρακος
1044 1904 1434 1978 ἆποκροῦεσθαί
1455 1927 1503 1959 τι
1538 1904 1821 1971 δυναμένου
1860 1910 1951 1971 τῆς
1978 1901 2071 1975 ῥύ-

237 2015 353 2062 μης.
440 1993 532 2044 εἶσὶ
559 1993 614 2044 δὲ
640 1993 695 2045 οἳ
726 1990 924 2046 τούτων
944 1990 1128 2061 ἣκιστα
1174 1989 1546 2059 ἐνθυμούμενοι
1578 1990 1827 2056 σέβονται
1867 1990 1960 2058 μὲν
1983 1991 2066 2042 καὶ
2082 2003 2139 2047 20

237 2075 496 2148 τεθήπασι
528 2075 619 2130 τὸν
658 2077 875 2132 παλαιὸν
903 2074 1120 2150 χρόνον,
1186 2076 1332 2132 οὐδέν
1363 2077 1419 2130 δὲ
1462 2083 1575 2138 ταῖς
1617 2073 1953 2144 ἐπιτεχνήσεσι
1989 2077 2070 2126 δι-

352 2245 396 2287 2.
430 2238 540 2286 ἀλλά
561 2241 633 2297 τι]
667 2235 780 2284 (ἑλλοὶ
804 2239 859 2284 τὸ
885 2241 936 2284 Α.
1092 2243 1136 2287 5.
1164 2238 1394 2298 ἠφίεσαν]
1425 2239 1626 2297 α’φιέσαν
1654 2239 1706 2284 Α.
1869 2239 1909 2281 8.
1942 2237 2066 2292 ἴασι]

354 2301 478 2343 ἴασιν
506 2301 558 2343 Α.
691 2302 733 2344 9.
764 2298 892 2353 μέχρι
922 2299 973 2340 A·
1028 2298 1182 2356 μέχρις
1211 2302 1257 2342 Ρ.
1375 2301 1443 2343 12.
1473 2298 1580 2353 οἵα]
1612 2294 1689 2339 οἶα
1717 2295 1770 2338 P.
1884 2296 1954 2339 13.
1981 2294 2068 2337 τόν

354 2359 550 2459 333?ss
578 2355 1007 2459 οὖ1δὲ.Ρέξιαιιπλοιῖσα
1028 2361 1080 2401 Α.
1120 2356 1383 2414 ἐμπιπλᾶσοι
1402 2356 1454 2401 P.
1568 2354 1674 2397 ibid.
1705 2349 1813 2398 οὔτε
1841 2377 1898 2385 —-
1928 2348 2064 2406 οὔτε]

241 2556 507 2600 vertentibus
535 2559 660 2611 terga
687 2554 881 2598 hostibus
912 2554 1074 2600 instare
1102 2559 1314 2614 poterant.
1371 2555 1475 2599 Non
1502 2553 1566 2597 illi
1593 2567 1650 2597 ex
1676 2554 1827 2610 aperto
1847 2565 2066 2609 pugnare3

239 2615 314 2657 sed
346 2628 516 2666 eorum,
561 2628 671 2668 quae
698 2611 741 2654 in
772 2612 934 2668 praelio
964 2615 1142 2667 fierent,
1183 2614 1343 2671 aliquid
1371 2613 1519 2655 furtim
1547 2611 1773 2666 sublegere
1802 2623 1968 2665 semper
1996 2609 2065 2652 vi·-

239 2673 462 2715 debantur.
521 2670 756 2712 Praeterea
784 2670 828 2710 in
856 2684 934 2711 usu
964 2671 1069 2712 artis
1098 2686 1202 2715 suae
1231 2671 1337 2714 adeo
1366 2670 1524 2712 inertes
1558 2675 1709 2718 erant,
1736 2671 1785 2709 ut
1818 2668 1986 2708 admoto
2010 2665 2064 2708 ad

238 2741 452 2770 mammam
491 2740 624 2768 nervo
663 2725 864 2780 sagittam
904 2726 1170 2782 impellerent
1208 2727 1478 2787 languidam,
1522 2729 1567 2767 et
1594 2724 1747 2767 merito
1776 2724 1914 2766 abiis
1943 2723 2064 2779 ipsis,

239 2797 346 2840 quos
385 2783 649 2839 attingebat,
690 2783 964 2826 deridendam
1000 2789 1050 2827 ut
1086 2785 1264 2828 futilem.
1320 2785 1388 2828 Ita
1429 2781 1597 2839 quidem
1636 2785 1806 2824 veteres
1834 2786 1968 2824 artem
1993 2793 2064 2822 sa-

236 2841 452 2897 gittariam
480 2840 752 2883 exercebant.

348 2924 492 2969 Hodie
529 2938 632 2967 vero
672 2922 746 2978 qui
785 2937 889 2966 arcu
928 2922 1132 2978 militant,
1178 2925 1234 2968 ad
1279 2938 1463 2982 pugnam
1500 2921 1740 2981 procedunt
1776 2921 1970 2974 loricati,
2018 2924 2065 2964 et

235 2983 375 3027 ocreis
405 2982 461 3026 ad
488 2996 599 3037 genu
630 2994 766 3036 usque
798 2980 1110 3037 pertinentibus
1138 2982 1300 3027 muniti.
1357 2983 1493 3038 Aptas
1521 2996 1546 3023 e
1577 2980 1715 3022 latere
1742 2978 1894 3022 dextro
1924 2978 2063 3034 sagit-

233 3047 302 3084 tas
332 3041 517 3091 habent,
548 3054 573 3080 e
600 3037 776 3080 sinistro
805 3037 1018 3092 gladium:
1060 3039 1218 3081 hastile
1247 3039 1372 3083 etiam
1402 3051 1631 3095 appensum
1659 3036 1848 3080 nonnulli
1877 3041 2062 3090 gestant,

234 3102 279 3140 et
320 3097 529 3140 scutulum
566 3094 682 3137 nulla
720 3094 974 3136 instructum
1014 3108 1144 3147 ansa,
1194 3097 1251 3138 ad
1280 3097 1476 3139 humeros
1503 3093 1670 3144 habile,
1716 3107 1800 3148 quo
1829 3092 1988 3138 vultum
2017 3097 2062 3134 et

233 3154 386 3196 collum
414 3158 582 3207 tegant.
639 3151 868 3193 Commode
897 3150 1118 3206 equitant,
1149 3156 1195 3194 et
1223 3166 1348 3208 quam
1377 3151 1594 3194 celerrime
1624 3154 1822 3192 currente
1850 3162 1958 3204 equo
1989 3161 2060 3190 sa-

231 3211 366 3266 gittas
395 3208 594 3266 expedite
626 3207 838 3251 missitant
866 3212 1047 3263 utroque
1074 3223 1265 3261 versum,
1304 3211 1551 3264 hostemque
1592 3206 1883 3263 insequentem
1926 3219 2060 3259 aeque

233 3268 394 3311 feriunt
433 3281 485 3309 ac
524 3263 770 3320 fugientem.
830 3264 1058 3307 Caeterum
1098 3265 1211 3307 elato
1241 3266 1298 3309 ad
1325 3267 1507 3308 frontem
1545 3277 1674 3317 arcu,
1715 3276 1890 3304 nervum
1917 3268 2060 3303 retor-

236 3329 365 3380 quent
395 3323 450 3366 ad
481 3335 624 3365 aurem
652 3335 760 3376 pene
788 3333 922 3375 usque
951 3321 1196 3364 dexteram:
1226 3321 1350 3377 isque
1376 3321 1460 3364 vim
1487 3324 1648 3364 tantam
1676 3318 1828 3362 incutit
1855 3318 2057 3374 sagittae,

237 3387 286 3423 ut
317 3382 423 3424 haec
449 3380 574 3422 obvio
605 3378 759 3433 cuique
786 3388 948 3420 certum
982 3378 1157 3420 exitium
1199 3379 1381 3430 afferat3
1420 3376 1526 3420 nihil
1566 3377 1715 3432 utique
1754 3374 1808 3418 ad
1845 3375 2057 3432 repellen-

238 3439 334 3480 dum
371 3438 572 3494 impetum
610 3435 925 3477 conserentibus
952 3448 1030 3478 nec
1059 3436 1211 3492 clypeo
1243 3450 1321 3478 nec
1358 3433 1507 3479 lorica.
1578 3434 1693 3475 Sunt
1713 3437 1857 3475 tamen
1885 3431 1963 3487 qui
1991 3430 2057 3473 his

237 3495 402 3539 minime
441 3492 664 3552 perpensis
706 3490 999 3548 antiquitatem
1040 3506 1164 3536 unam
1203 3498 1459 3535 venerentur
1500 3505 1551 3535 ac
1590 3495 1818 3547 stupeant,
1847 3503 1984 3544 neque
2012 3486 2056 3530 in
