2184 3822
291 258 408 317 142
709 258 952 313 PHOTII
993 257 1304 310 EPITOME
1346 257 1531 311 LIBRI
1571 257 1614 311 L

453 397 519 468 η’.
578 397 694 453 ’Ότι
717 397 1144 469 πολιορκουμένην
1165 397 1373 466 Ἀμίὸαν
1392 395 1920 467 μαθώνἈναστάσιος
1944 421 2102 468 στρα-

287 483 538 554 τεύματος
563 490 765 552 πλῆθος
797 485 910 536 λίαν
953 483 1084 536 κατὰ
1120 487 1338 554 Περσῶν
1375 483 1588 548 ἔστειλε,
1646 485 1961 554 στρατηγοὺς
1994 487 2102 538 ἔπι-

286 570 480 639 στήσας
494 566 812 639 Ἀρεόβινόόν
839 590 890 621 τε
918 574 1010 637 τῆς
1031 566 1162 641 ἑῴας
1185 569 1495 640 στρατηγὸν,
1547 568 1602 631 ὃς
1627 563 1688 636 ἦν
1713 569 1982 636 Ὀλυβριόυ
2010 593 2102 638 κη-

287 656 496 723 δεστὴς,
544 659 635 706 τοῦ
665 659 831 726 μικρῷ
865 651 1094 723 πρόσθεν
1130 659 1222 721 τῆς
1256 652 1470 724 ἑσπέρας
1502 651 1934 720 βασιλεύσαντος,
1997 655 2099 708 Κέ-

286 740 408 809 λερά
436 761 488 792 τε
518 739 607 791 τὸν
626 738 903 810 μάγιστρον
928 736 1210 811 Πατρίκιόν
1233 761 1286 792 τε
1315 739 1401 792 τὸν
1433 737 1613 809 Φρύγα
1645 741 1728 791 καὶ
1745 737 1988 793 εΥπάτιον
2011 741 2098 794 τὸν
2115 751 2140 792 5

218 833 256 875 D
288 829 467 879 οἰκεῖον
500 824 822 894 ἀδελφιδοῦν.
911 818 1052 879 οὗτοι
1081 827 1174 893 μὲν
1200 819 1291 878 οὗν
1319 826 1593 893 στρατηγοὶ
1630 823 1898 893 τέσσαρες,
1946 831 2102 893 συνῆν

285 913 340 963 de*
368 909 542 971 αὐτοῖς
570 912 652 961 καὶ
684 910 954 972 Ἰουστΐνος
989 909 1015 964 ὃ
1050 910 1179 978 μετὰ
1207 907 1537 962 Ἀναστάσιον
1566 906 1908 976 βασιλεύσας,
1955 909 2099 963 ἄλλοι

280 1018 335 1049 τε
364 997 541 1048 πολλοὶ
569 998 650 1047 καὶ
677 995 865 1065 ἀγαθοὶ
895 996 957 1049 τὰ
993 996 1224 1062 πολέμια.
1314 992 1606 1064 στράτευμα
1638 993 1734 1064 γὰρ
1754 1000 1983 1047 τοιοῦτον
2010 995 2099 1048 ου’-

281 1103 402 1134 ποτε
425 1082 502 1132 ἐπὶ
525 1080 735 1151 Πέρσας
753 1079 1017 1148 Ῥωμαίοις
1044 1083 1170 1151 φασὶ
1196 1084 1453 1146 ξυστῆναι.
1499 1077 1616 1131 ἀλλ’
1647 1075 2034 1150 ὑστερησάντων
2065 1079 2096 1149 ἦ

280 1165 422 1228 πόλις
447 1163 611 1231 ἑάλω,
665 1169 748 1219 καὶ
786 1166 880 1234 οὐχ
925 1165 1035 1234 ἅμα
1075 1164 1302 1235 Καβάδῃ
1348 1161 1723 1231 πολεμήσαντες
1747 1205 1764 1230 ,
1822 1164 1950 1218 ἀλλὰ
1989 1188 2097 1234 χω-
2115 1177 2167 1216 10

279 1254 356 1322 ρὶς
392 1253 625 1317 ἕκαστοι,
687 1251 877 1312 ἀκλεῶς
921 1249 1318 1320 ἀπηλλάγησαν,
1364 1248 1584 1310 πολλοὺς
1612 1254 1714 1302 τῶν
1755 1251 1948 1304 οἶκείων
1968 1250 2097 1305 ἀπο-

270 1334 532 1405 βαλόντες.

443 1420 518 1475 θ’.
553 1419 798 1490 Ὕστερον
825 1421 879 1472 δὲ
908 1420 958 1481 ἒς
977 1419 1188 1488 Ἀμίὸαν
1219 1416 1513 1490 ἀφικόμενοι
1536 1415 1859 1489 ἐπολιόρκουν
1883 1418 1976 1486 τὴν
2000 1417 2096 1473 πό·-

270 1512 376 1559 λιν·
413 1503 888 1577 χρονοτριβούντων
925 1506 980 1557 δὲ
1020 1505 1068 1558 οἳ
1108 1505 1249 1567 ε’ντός
1281 1506 1511 1574 Πέρσαι,
1558 1503 1657 1573 ἤδη
1685 1506 1739 1557 δὲ
1763 1507 1846 1558 καὶ
1869 1503 2095 1575 ἀπορού-

267 1613 438 1659 μενοι,
487 1593 537 1653 ἐς
572 1591 796 1652 σπονδὰς
824 1588 1091 1657 Ῥωμαίοις
1133 1589 1290 1643 ἔτεσιν
1335 1588 1462 1642 ἑπτὰ
1496 1590 1813 1658 συνέβησαν,
1871 1591 2094 1660 Κέλερος
2110 1598 2161 1641 15

269 1678 361 1744 μὲν
394 1674 520 1747 ὑπὲρ
561 1674 850 1744 Ῥωμαίων,
901 1675 1204 1729 Ἀσπευέδου
1250 1676 1305 1729 δὲ
1340 1675 1451 1728 ἀντὶ
1484 1679 1704 1747 Περσῶν
1746 1674 1906 1737 αὐτὰς
1943 1698 2093 1745 ποιη-

270 1761 521 1830 σαμὲνων.

119 1857 157 1901 Ρ
187 1859 244 1903 83
442 1844 490 1900 ι’.
528 1845 640 1900 Ὅτι
667 1846 725 1900 τὸ
762 1846 985 1900 Κιλίκων
1028 1845 1147 1917 ὄρος
1186 1843 1213 1899 ὃ
1251 1850 1458 1916 Ταῦρος
1493 1843 1684 1913 ἀμείβει
1706 1845 1800 1913 μὲν
1825 1844 1888 1899 τὰ
1911 1851 2090 1917 πρῶτα

270 1929 626 1993 Καππαδόκας
651 1934 733 1984 καὶ
754 1931 1044 2002 Ἀρμενίους
1068 1933 1151 1984 καὶ
1177 1936 1282 1984 τῶν
1307 1931 1704 2001 Περσαρμενίων
1727 1931 1820 1998 τὴν
1842 1936 1953 2001 γῆν,
1983 1929 2089 1984 εἶτα

266 2017 543 2085 Ἀλβανοὺς
577 2019 660 2069 καὶ
687 2017 926 2087 Ἴβηρας,
985 2019 1068 2069 καὶ
1107 2014 1204 2069 ὅσα
1232 2015 1363 2069 ἄλλα
1394 2014 1655 2083 αὐτόνομα
1684 2016 1810 2084 ἔθνη
1837 2019 1918 2068 καὶ
1947 2018 2086 2086 Πέρ-
2102 2026 2158 2072 20

270 2125 385 2164 σαις
418 2100 643 2170 κατήκοα
676 2100 838 2174 ταύτῃ
865 2102 1100 2170 ὤκηνται.
1164 2099 1441 2171 ὑπερβάντι
1478 2102 1534 2154 δὲ
1556 2101 1676 2163 τούς
1696 2098 1910 2171 Ἰβήρων
1936 2100 2088 2172 ὅρους

269 2186 499 2259 ἀτραπός
532 2189 666 2240 ἐστιν
702 2189 754 2241 ἐν
787 2188 1095 2262 στενοχωρία
1133 2191 1296 2258 πολλῇ
1344 2187 1424 2239 ἐπὶ
1469 2188 1711 2248 σταδίους
1760 2184 2085 2255 πεντήκοντα.

377 2338 420 2382 3.
448 2334 666 2395 σ’λυβρίου
688 2336 808 2379 Bess.
843 2331 1128 2392 Ὀλυμβρίου
1156 2335 1208 2378 Ρ.
1296 2337 1339 2380 7.
1362 2331 1634 2392 βασιλεύσας
1660 2335 1782 2378 Bess.
1811 2333 2024 2391 βασιλεῦς
2036 2335 2082 2378 Ρ.

374 2395 448 2439 22.
474 2390 755 2451 πεντήκοντα
782 2393 902 2436 Bess.
931 2392 967 2447 ξ
996 2393 1049 2435 P.

377 2524 417 2566 8.
477 2521 662 2578 Cognito
716 2535 820 2563 vero
871 2519 1063 2564 Amidam
1105 2518 1319 2574 obsideri,
1377 2518 1574 2575 ingentes
1616 2517 1836 2562 admodum
1876 2517 2082 2562 adversus

263 2580 418 2623 Persas
449 2578 696 2622 Anastasius
724 2578 871 2634 copias
900 2578 1036 2630 misit,
1065 2577 1220 2620 creatis
1250 2576 1427 2620 ducibus
1458 2576 1700 2619 Areobindo
1724 2576 1919 2618 Orientis
1947 2577 2082 2627 Duce,

263 2638 335 2691 qui
366 2636 560 2692 Olybrii,
600 2636 689 2678 eius
728 2635 800 2691 qui
829 2637 955 2691 paulo
993 2642 1090 2678 ante
1119 2635 1164 2677 in
1193 2634 1429 2678 Occidente
1454 2634 1767 2691 imperaverat,
1806 2647 1939 2688 gener
1967 2639 2081 2676 erat:

263 2694 415 2735 Celere
443 2693 545 2734 item
575 2693 806 2746 Magistro:
837 2691 1026 2735 Patricio
1056 2706 1226 2750 quoque
1253 2692 1450 2748 Phryge,
1483 2697 1527 2733 et
1568 2690 1762 2746 Hypatio
1791 2696 1972 2745 cognato
2003 2705 2078 2747 pa-

258 2751 410 2793 truele.
469 2750 535 2792 Ad
565 2758 746 2805 quatuor
773 2756 910 2791 autem
931 2750 1058 2792 hosce
1086 2750 1217 2792 duces
1246 2754 1516 2792 accesserunt
1545 2753 1591 2790 et
1617 2747 1832 2799 lustinus,
1861 2748 1937 2803 qui
1966 2753 2078 2790 Ana·

259 2806 380 2850 stasii
409 2805 630 2863 imperium
661 2806 855 2861 excepit,
892 2805 1049 2861 aliique
1089 2806 1258 2863 plurimi
1289 2806 1398 2848 bello
1438 2809 1704 2861 praestantes
1743 2804 1837 2846 viri.
1896 2805 2080 2847 Exerci-

258 2869 346 2906 tum
375 2869 535 2906 tantum
565 2877 775 2918 nunquam
809 2876 836 2904 a
862 2864 1063 2905 Romanis
1103 2864 1147 2906 in
1179 2865 1334 2906 Persas
1363 2862 1532 2905 missum
1561 2863 1716 2904 ferunt.
1775 2863 1833 2904 At
1860 2862 1957 2904 dum
1989 2875 2078 2904 mo-

258 2935 347 2963 ram
375 2921 610 2962 cunctando
640 2925 840 2971 nectunt,
880 2926 1008 2976 capta
1036 2919 1188 2963 civitas
1217 2927 1298 2963 est.
1359 2921 1518 2975 Neque
1546 2919 1670 2961 simul
1698 2931 1842 2963 omnes
1871 2933 1963 2962 cum
1990 2919 2077 2962 Ca-

255 2979 367 3020 bade
395 2984 589 3019 conserta
618 2991 739 3019 manu
773 2976 1084 3028 conflixerunt3
1108 2978 1190 3021 ‘sed
1219 2977 1392 3021 seorsim
1419 2976 1574 3034 singuli
1604 2977 1788 3033 turpiter
1818 2975 1944 3029 victi,
1970 2977 2074 3019 mul-

255 3034 312 3077 tis
341 3048 508 3076 suorum
539 3033 820 3084 desideratis,
846 3034 1144 3076 discesserunt.

368 3093 408 3135 9.
470 3091 661 3133 Tandem
702 3097 841 3132 tamen
891 3091 1035 3133 ductis
1075 3091 1130 3134 ad
1182 3091 1371 3134 Amidam
1425 3089 1586 3147 copiis,
1649 3090 1792 3132 urbem
1835 3089 2073 3142 cinxerunt,

254 3148 416 3204 diuque
444 3148 668 3191 haerentes
698 3146 876 3189 Romani
914 3148 1070 3190 Persas
1098 3149 1286 3192 inclusos
1325 3154 1369 3192 et
1397 3160 1535 3190 rerum
1564 3146 1708 3201 inopia
1746 3145 1988 3189 laborantes
2017 3147 2072 3189 ad

256 3211 418 3261 septem
456 3219 657 3247 annorum
695 3202 888 3246 inducias
926 3205 1244 3261 compulerunt,
1284 3206 1529 3249 auctoribus
1572 3203 1724 3245 Celere
1762 3202 1984 3255 Romano,
2028 3210 2073 3248 et

250 3261 473 3320 Aspeuede
505 3263 648 3304 Persa.

364 3322 430 3364 10.
488 3320 663 3361 Taurus
695 3317 872 3360 Cilicum
900 3331 1018 3360 mons
1059 3333 1136 3375 per
1168 3319 1451 3375 Cappadocas
1481 3317 1656 3374 primum
1687 3320 1731 3359 et
1755 3317 1972 3360 Armenios
2002 3331 2070 3360 se-

248 3390 295 3418 se
324 3375 519 3418 extendit
546 3391 596 3418 ac
624 3380 809 3426 terram,
840 3387 944 3430 quos
966 3381 1145 3427 ,vocant,
1176 3376 1578 3418 Persarmeniorum.
1638 3373 1800 3416 Dehinc
1832 3388 1909 3430 per
1937 3375 2069 3417 Alba-

247 3446 323 3475 nos
364 3433 624 3489 porrigitur,
664 3436 708 3474 et
745 3432 917 3483 Iberos,
959 3437 1004 3474 et
1045 3445 1328 3488 quascumque
1366 3433 1473 3474 alias
1511 3432 1580 3473 sui
1609 3430 1712 3473 iuris
1741 3439 1916 3487 gentes,
1957 3447 2066 3487 quae

247 3490 386 3532 Persis
417 3490 532 3533 dicto
575 3488 796 3531 audientes
823 3488 876 3530 iis
915 3488 960 3530 in
1000 3488 1106 3531 locis
1148 3490 1356 3532 habitant.
1419 3490 1744 3543 Praeter-gresso
1775 3502 1877 3531 vero
1918 3489 2064 3531 lbero-

244 3561 335 3591 rum
363 3548 498 3601 fines,
543 3546 696 3590 semita
724 3545 929 3604 quaedam
957 3546 1146 3589 occurrit
1182 3545 1503 3602 angustissima,
1540 3545 1693 3588 stadiis
1721 3546 1814 3590 fere
1841 3546 2065 3602 sexaginta
