2184 3822
293 254 409 314 148
753 248 996 312 ΡΗΟΤΠ
1038 245 1349 302 EPITOME
1390 221 1578 299 LIBRI
1618 244 1663 299 1.

288 398 419 453 πολὺ
454 395 654 457 πλείους
693 396 796 447 τῶν
832 385 1124 445 ἀντιπάλων
1155 383 1543 461 διεφθάρησαν·
1581 384 1661 440 διὸ
1697 383 1752 439 ἓν
1783 389 1891 446 τοῖς
1917 381 2115 452 ἀτίμοις

288 484 455 538 ἐτέλει.

459 589 556 646 κα’.
632 587 746 643 Ὅτι
778 584 1131 656 Beicotipcov‘
1106 610 1134 640 ο
1157 585 1398 655 βασιλεὺς
1433 586 1504 646 εἷς
1529 579 1809 648 Βυζάντιον
1836 584 2115 649 μετακαλε-

291 677 538 748 σάμενος,
584 674 670 744 ἐφ’
708 667 749 746 ᾧ
782 674 861 726 ἐπὶ
894 675 1182 735 Βανδίλους
1217 691 1562 741 στρατευσειε,
1607 670 1796 722 Σίτταν
1823 662 2117 737 φυλάξοντα

142 778 177 821 Ρ
208 777 263 822 86
293 766 386 834 τὴν
422 761 552 815 ἓώαν
593 756 913 825 ἀπέστειλεν,
959 759 1012 811 ἓν
1049 760 1090 830 ῴ
1126 759 1210 810 καὶ
1244 756 1446 827 Πέρσαι
1485 753 1614 807 κατὰ
1644 750 1905 819 Ρωμαίων
1930 746 2160 818 {offleii-5

290 856 452 903 λουσι.
538 848 624 899 καὶ
664 841 920 912 Καβάδου
958 840 1353 912 τελευτήσαντος
1385 838 1414 895 ὃ
1440 847 1560 901 παῖς
1580 834 1825 908 Χοσρόης
1851 835 1942 904 τὴν
1966 841 2121 902 βασι-

292 936 427 988 λείαν
458 931 723 1000 ἐκδέχεται.

463 1041 561 1110 κβ’.
645 1041 910 1112 Ῥουφῖνος
940 1041 995 1094 δὲ
1031 1042 1114 1093 καὶ
1143 1039 1470 1108 Ἀλέξανδρος
1495 1037 1577 1090 καὶ
1606 1036 1799 1102 Θωμᾶς
1824 1033 1916 1088 σὺν
1936 1031 2123 1102 Ἑρμο-

293 1131 419 1203 γένει
459 1128 601 1199 παρὰ
638 1124 885 1196 Χοσρόην
922 1127 1287 1194 παραγίνονται
1326 1125 1404 1176 ἐπὶ
1430 1121 1731 1192 πρεσβείαν·
1767 1117 1843 1182 οἷς
1867 1119 1961 1188 τὴν
1986 1116 2125 1188 εἰρή-

295 1238 388 1284 νην
435 1214 717 1284 ἀπέραντον
758 1211 912 1282 ἔφησε
945 1211 1169 1275 θέσθαι,
1228 1209 1349 1262 δέκα
1401 1209 1485 1261 καὶ
1538 1204 1718 1259 ἑκατὸν
1764 1206 2117 1275 κεντηναριόις.
2137 1220 2184 1264 10

294 1300 427 1354 ἀλλὰ.
458 1296 573 1352 τότε
601 1299 694 1366 μὲν
722 1293 971 1367 ἄπρακτοι
995 1293 1337 1363 διελύθησαν,
1382 1291 1598 1362 ὕστερον
1632 1291 1687 1343 δὲ
1725 1290 1819 1359 τὴν
1845 1289 2126 1360 ἀπέραντον

295 1383 495 1456 εἰρήνην
535 1383 858 1446 ἐσπείσαντο,
908 1381 1049 1432 ἕκτον
1083 1378 1183 1448 ἤδη
1223 1378 1336 1440 ἔτος
1359 1377 1455 1446 τὴν
1481 1375 1745 1444 βασιλείαν
1767 1375 2126 1429 Ἰουστινιανοῦ

293 1469 513 1538 ἔχοντος.
603 1469 686 1520 καὶ
708 1464 948 1532 Ῥωμαῖοι
984 1465 1076 1532 μὲν
1104 1462 1169 1517 τά
1191 1484 1246 1516 τε
1271 1459 1515 1531 χρήματα
1536 1462 1621 1514 καὶ
1640 1459 1697 1512 τὸ
1728 1458 2018 1530 Φαράγγιον
2043 1462 2127 1514 καὶ

295 1559 479 1608 Βῶλον
522 1551 581 1604 τὸ
616 1548 863 1622 φρούριον
900 1549 1130 1654 Πέρσαις
1171 1548 1492 1619 παρέδοσαν,
1538 1546 1740 1615 Πέρσαι
1778 1546 1834 1598 δὲ
1862 1543 2128 1613 Ῥωμαίοις

293 1637 360 1692 τά
399 1660 452 1691 τε
487 1638 722 1703 Λαζικῆς
760 1634 874 1706 ὅρια
916 1636 1000 1686 καὶ
1043 1630 1305 1704 Δάγαριν,
1351 1631 1516 1702 α’νδρα
1557 1629 1759 1701 ἀγαθον
1791 1630 1856 1684 τοὶ
1892 1631 2124 1700 πολέμια,
2140 1646 2184 1693 15

296 1723 413 1778 ἄντ’
445 1721 603 1776 αὐτοῦ
635 1743 803 1792 ετερον
829 1719 1175 1788 κεκομισμένοι
1202 1718 1294 1772 οὐκ
1318 1717 1492 1789 ἀφανῆ
1518 1715 1699 1787 ἄνδρα.

232 1852 271 1894 Β
468 1832 559 1905 κγ’.
646 1834 829 1896 Εὐθὺς
859 1832 1033 1901 μέντοι
1067 1829 1286 1905 ἑκατέρῳ
1319 1835 1522 1896 βασιλεῖ
1544 1828 1818 1899 ἐπιβουλὴν
1842 1829 2128 1902 ξυνηνέχθῃ

298 1921 534 1993 γενέσθαι
575 1919 704 1988 πρὸς
738 1924 841 1972 τῶν
877 1915 1134 1987 ὑπηκόων.
1222 1917 1305 1970 καὶ
1329 1911 1577 1985 Χοσρόην
1604 1915 1696 1983 μὲν
1725 1914 1813 1968 ἅτε
1841 1913 2126 1986 θορυβώδη

302 2008 384 2060 καὶ
420 2003 640 2058 ἄτακτον
670 2002 695 2057 ὃ
726 2008 944 2075 Περσῶν
982 1999 1206 2071 μισήσας
1229 2001 1380 2067 λεὼς,
1424 1997 1680 2069 Καβάδην
1704 1999 1792 2053 τὸν
1817 1998 2002 2069 Ζάμου
2034 2006 2126 2055 τοῦ

299 2091 523 2162 ἀδελφοῦ
551 2091 711 2142 παῖδα
736 2087 951 2158 βασιλέα
979 2088 1152 2159 σφίσιν
1182 2083 1547 2155 ἐβουλεύσαντο
1591 2082 1906 2155 στήσασθαι.
1993 2085 2124 2141 ἀλλὰ
2138 2083 2184 2151 2(

415 2266 458 2311 4.
500 2265 747 2335 βανδίλους
787 2266 910 2309 Bess.
970 2261 1242 2315 Βανδᾶλονς
1278 2263 1332 2307 P.
1504 2262 1609 2306 ibid.
1650 2263 1852 2320 Σίτταν]
1892 2264 2039 2310 Σίταν
2077 2265 2127 2308 Ρ.

418 2325 486 2368 15.
524 2321 718 2379 δᾶγαριν
746 2325 868 2368 Bess.
925 2319 1145 2378 Δαγᾶρην
1171 2322 1223 2365 Ρ.
1395 2322 1466 2366 16.
1493 2317 1546 2367 δὲ
1573 2321 1651 2367 καὶ
1681 2319 1834 2379 ἕτερον
1860 2322 1914 2367 Ρ.
1972 2318 2023 2367 δὲ
2050 2320 2129 2368 καὶ

420 2389 502 2424 om
532 2382 655 2424 Bess.
772 2383 843 2427 19.
871 2380 983 2433 isone
1015 2381 1138 2423 Bess.
1194 2376 1308 2431 λαός
1334 2377 1390 2425 Ρ.

304 2537 350 2579 ἱιι
378 2535 541 2604 praelio
570 2535 794 2589 amiserat·
841 2535 946 2579 licet
974 2533 1315 2580 adversariorum
1343 2534 1490 2592 plures
1518 2533 1785 2578 cecidissent.
1842 2534 2128 2588 Quamobrem

304 2593 567 2636 inhonoratis
595 2594 892 2636 adnumeratus
920 2599 1002 2636 est.

421 2679 493 2722 21.
551 2677 720 2720 Evocat
760 2675 1172 2745 Constantinopolim
1205 2675 1467 2720 lastinianus
1490 2675 1608 2745 Jmp.
1647 2674 1925 2731 Belisarium‚
1969 2682 2018 2722 ut
2061 2679 2129 2722 in-

307 2735 364 2778 de
391 2733 436 2776 in
466 2734 682 2776 Vandalos
711 2733 1023 2800 expeditionem
1062 2732 1292 2791 suscipiat3
1333 2733 1589 2789 Orientique
1618 2734 1836 2777 custodem
1866 2709 2064 2779 Si'ttam
2051 2750 2130 2780 ιιιι-

307 2790 463 2848 posuit.
520 2789 654 2833 Hisce
681 2789 942 2857 temporibus
972 2796 1016 2832 et
1044 2793 1205 2834 Persae
1238 2805 1332 2834 cum
1360 2790 1559 2833 Romanis
1587 2798 1917 2847 concurrerunt,
1969 2799 2014 2837 et
2041 2794 2130 2837 Ca-

306 2848 419 2904 bade
446 2852 628 2898 mortuo,
657 2846 772 2889 filius
799 2847 1013 2890 chosroes
1041 2848 1164 2904 regni
1194 2847 1383 2892 habenas
1409 2847 1616 2906 suscepit.

425 2933 496 2976 22.
556 2930 683 2975 Missi
734 2945 838 2988 ergo
890 2931 945 2974 ad
986 2945 1079 2974 eum
1121 2932 1252 2988 legati
1287 2931 1490 2984 Rufinus,
1541 2931 1806 2986 Alexander,
1854 2933 2047 3002 Thomas
2084 2938 2131 2979 et

311 2990 621 3046 Hermogenes,
651 2987 803 3044 quibus
832 3002 980 3044 pacem
1008 2988 1117 3031 velle
1146 3003 1194 3032 se
1222 2991 1370 3032 facere
1398 2988 1507 3032 dixit
1534 2996 1796 3057 perpetuam,
1829 2990 1868 3034 si
1898 2992 2020 3036 modo
2051 2992 2131 3036 da-

310 3053 410 3089 rent
447 3045 690 3088 centenaria
732 3049 896 3088 centum
925 3059 976 3087 ac
1016 3046 1175 3089 decem.
1244 3047 1404 3089 Verum
1431 3060 1480 3089 re
1507 3051 1595 3088 tum
1628 3046 1789 3089 infecta
1817 3047 2127 3093 discesserunt.

311 3117 392 3145 nec
420 3102 502 3144 nisi
530 3108 676 3159 postea
706 3101 935 3144 constituta
966 3110 1178 3158 pactaque
1205 3117 1292 3159 pax
1318 3103 1393 3146 ina
1424 3107 1657 3170 perpetua,
1699 3104 1934 3159 imperante
1962 3112 2129 3149 sextum

310 3160 395 3202 iam
424 3173 574 3202 annum
603 3159 849 3201 Iustiniano.
909 3159 995 3200 Per
1023 3173 1113 3201 eam
1146 3159 1325 3202 Romani
1353 3159 1580 3227 pecunias,
1619 3159 1929 3227 Pharangium‚
1971 3170 2016 3206 et
2042 3164 2129 3205 Bo-

311 3218 398 3259 lum
428 3230 565 3259 arcem
595 3216 739 3258 Persis
778 3215 1077 3258 reddiderunt:
1131 3222 1177 3258 et
1205 3216 1248 3258 hi
1282 3216 1466 3259 vicissim
1495 3216 1693 3259 Romanis
1720 3218 1970 3263 Lazorum‘
1956 3235 2000 3262 ιιι
2030 3219 2130 3262 fini-
2182 3227 2184 3231 “

312 3275 392 3316 bus
422 3272 605 3329 oppida,
637 3279 685 3315 et
712 3274 923 3327 Dagarem
953 3273 1090 3314 virum
1117 3272 1229 3316 bello
1257 3279 1495 3326 strenuum,
1525 3280 1698 3331 recepto
1726 3288 1805 3332 pro
1835 3291 1887 3320 eo
1917 3285 1963 3322 et
1990 3278 2127 3322 altero

311 3345 396 3374 non
422 3329 602 3385 ignobili
629 3329 747 3382 viro,
775 3330 1042 3373 remiserunt.

426 3415 498 3458 23.
557 3413 664 3457 Mox
702 3412 893 3470 utrique
915 3412 1168 3481 Imperatori
1208 3416 1397 3457 structae
1439 3411 1619 3459 insidiae
1658 3429 1685 3460 a
1724 3416 1922 3461 subditis.
1991 3418 2128 3461 Chos-

313 3486 418 3515 roen
447 3470 614 3528 quidem
642 3475 690 3513 ut
716 3470 950 3513 turbulenti
976 3470 1382 3526 intemperantisque
1409 3470 1571 3528 ingenii
1598 3471 1733 3516 virum
1760 3474 1962 3518 Persae·
1949 3467 2127 3521 invisum

312 3544 408 3588 cum
431 3529 653 3582 haberent,
685 3527 903 3594 Cabaden,
932 3528 1088 3573 Zamae
1108 3528 1256 3572 fratris
1279 3528 1373 3574 eius
1392 3528 1540 3584 filium,
1566 3531 1726 3587 Regem
1746 3531 1831 3576 sibi
1853 3533 1998 3578 facere
2024 3546 2127 3576 con-
