2184 3822
316 206 392 265 16
1058 205 1386 260 PROCOPII

311 353 441 407 τισὶν
467 344 536 406 ὧν
557 350 699 421 ἦμεΐς
721 348 864 417 ἴσμεν
876 389 893 415 ,
942 347 1045 401 ἐπεὶ
1070 346 1186 402 οὔτε
1205 342 1380 419 χώραν
1406 345 1578 410 αὐτοῖς
1604 344 1791 416 ὅμορον
1813 344 2008 414 ἔχουσιν
2035 346 2124 399 οὔ-

311 460 365 491 τε
401 461 471 506 πη
509 436 678 490 αὐτῶν
721 435 931 504 ἄγχιστα
972 432 1215 504 ᾤκηνται,
1264 433 1394 486 ἀλλὰ
1428 437 1754 504 προσοικοῦσι
1789 432 1879 498 μὲν
1901 431 2127 500 Πέρσαις

312 522 439 592 πρὸς
463 526 658 591 βορρᾶν
683 518 885 586 ἄνεμον,
931 511 992 570 οὗ
1023 518 1086 587 δὴ
1114 515 1258 580 πόλις
1284 522 1335 570 Γ
1332 517 1464 587 οργὼ
1489 517 1649 584 ὄνομα
1673 515 1801 587 πρὸς
1827 514 2006 576 αὐταῖς
2027 537 2125 568 που

252 624 289 666 Β
318 615 430 668 ταῖς
454 610 672 675 Περσῶν
694 605 949 670 ἐσχατιαῖς
973 600 1135 669 ἔστιν,
1180 605 1409 657 ἐνταῦθα
1435 603 1490 655 δὲ
1516 604 1626 672 περὶ
1652 606 1742 670 γῆς
1768 597 1922 670 ὁρίων
1941 596 2129 667 διαμά-

305 697 494 760 χεσθαι
519 689 647 759 πρὸς
670 684 919 755 ἀλλήλους
943 685 1204 742 εῗιῦθασιν.
1292 686 1352 740 οὗ
1373 686 1469 757 γὰρ
1492 683 1708 754 νομάδες
1732 687 1852 738 εἰσὶν
1878 683 2045 754 ὥσπερ
2064 684 2171 742 τὰ5

312 775 445 827 ἄλλα
492 772 712 827 Οὖννικά
747 770 906 841 ἔθνη,
948 771 1063 825 ἀλλ’
1106 773 1186 824 ἐπὶ
1218 768 1394 842 χώρας
1431 770 1634 840 ἀγαθῆς
1663 790 1797 831 τινος
1832 769 1885 822 ἔκ
1912 773 2132 821 παλαιοῦ

308 861 562 930 ἵδρυνται.
646 853 812 911 ταῦτά
848 878 928 910 τοι
970 857 1090 911 οὐδέ
1120 879 1235 910 τινα
1278 855 1495 923 ἐσβολὴν
1534 855 1828 922 πεποίηνται
1851 850 2055 906 πώποτε
2082 853 2133 914 ἔς

305 942 568 1011 Ῥωμαίων
605 942 699 1011 τὴν
734 947 857 1012 γῆν,
905 939 982 996 ὅτι
1016 941 1086 1010 μὴ
1133 941 1220 1005 ξὺν
1255 946 1328 1013 τῷ
1367 937 1573 1009 Μήδων
1601 943 1822 1012 στρατῷ.
1909 934 2056 1005 μόνοι
2078 938 2134 990 δὲ

317 1027 526 1082 Οὕννων
565 1020 705 1081 οὗτοι
736 1028 908 1080 λευκοί
938 1048 992 1080 τε
1018 1026 1084 1080 τὰ
1118 1020 1334 1095 σώματα
1366 1024 1567 1078 καὶούκ
1600 1023 1826 1094 ἄμορφοι
1857 1022 1951 1084 τὰς
1989 1021 2134 1090 ὄψεις

315 1114 457 1167 εῗσίν.
541 1111 601 1165 οὗ
627 1111 731 1181 μὴν
755 1110 871 1165 οὔτε
889 1111 982 1180 τὴν
1007 1113 1206 1165 δίαιταν
1243 1107 1580 1179 ὁμοιότροπον
1604 1108 1776 1170 αὐτοῖς
1797 1106 1995 1176 ἔχουσιν
2019 1105 2133 1160 οὔτε
2148 1121 2184 1166 1(

251 1219 289 1262 c
317 1198 518 1269 θηρίων
537 1198 652 1265 βίον
675 1196 786 1250 τινὰ
810 1190 936 1267 ιἥπερ
961 1197 1135 1250 ἐκεῖνοι
1162 1198 1329 1261 ζῶσιν,
1351 1193 1482 1248 ἀλλὰ
1504 1195 1589 1247 καὶ
1609 1192 1736 1264 πρὸς
1752 1191 2002 1260 βασιλέως
2025 1189 2136 1253 ἑνὸς

317 1283 563 1355 ἄρχονται
584 1283 667 1335 καὶ
692 1283 946 1335 πολιτείαν
971 1280 1179 1348 ἔννομον
1203 1279 1398 1349 ἔχοντες
1417 1279 1545 1350 πρὸς
1571 1275 1824 1348 ἀλλήλους
1844 1298 1898 1331 τε
1911 1278 1994 1330 καὶ
2015 1276 2138 1338 τοὺς

317 1369 475 1431 πέλας
500 1367 676 1438 ὀρθῶς
703 1367 787 1419 καὶ
810 1367 1014 1429 δικαίως
1032 1362 1379 1434 ξυμβάλλουσι
1393 1406 1410 1431 ,
1449 1363 1710 1432 Ῥωμαίων
1733 1383 1788 1416 τε
1824 1363 1908 1415 καὶ
1932 1357 2135 1414 πάντων

319 1452 467 1507 οὐδέν
504 1474 554 1506 τι
583 1445 761 1520 ἧσσον.
849 1452 898 1505 οἳ
929 1451 1099 1519 μέντοι
1135 1449 1426 1517 εὐδαίμονες
1459 1447 1634 1511 αὖτοῒς
1658 1449 1839 1520 φίλους
1862 1444 2138 1517 ἑταιρίζον-

318 1559 405 1591 ται
431 1535 547 1607 ἄχρι
581 1537 632 1598 ἐς
669 1535 879 1602 εἴκοσιν,
944 1534 1007 1588 ἂν
1044 1532 1180 1589 οὕτω
1219 1531 1376 1606 τύχῃ,
1421 1531 1454 1603 ἢ
1488 1530 1686 1587 τούτων
1724 1533 1953 1597 πλείους,
1995 1532 2184 1601 οἵπερί.Ι

320 1622 494 1684 αὐτοῖς
523 1617 773 1689 ξυμπόται
793 1620 885 1688 μὲν
912 1620 964 1682 ἐς
986 1618 1063 1672 ἀεὶ
1097 1620 1335 1688 γίνονται,
1380 1622 1483 1672 τῶν
1508 1619 1565 1672 δὲ
1580 1614 1858 1690 χρημάτων
1875 1615 2139 1685 μετέχουσι

319 1703 526 1760 πάντων
534 1746 552 1771 ,
600 1710 767 1774 κοινῆς
790 1725 926 1767 τινος
957 1705 1188 1768 ἔξουσίας
1210 1701 1383 1766 αὐτοῖς
1414 1703 1468 1766 ἒς
1489 1708 1654 1758 ταῦτα
1680 1701 1853 1771 οὔσης.
1938 1699 2137 1754 ἐπειδὰν

322 1793 379 1845 δὲ
400 1797 474 1865 τῷ
496 1789 684 1852 αὐτοὺς
703 1788 1064 1863 ἒταιρισαμένῳ
1085 1793 1377 1857 τελευτῆσαι
1405 1787 1658 1857 ξυμβαίη,
1692 1783 1909 1848 τούτους
1932 1786 1994 1854 δὴ
2017 1784 2139 1848 τούς

257 1891 298 1934 D
328 1876 521 1949 ἄνδρας
545 1877 734 1952 ζῶντας
762 1875 850 1938 ξὺν
875 1874 1015 1948 αὐτῷ
1047 1875 1096 1936 ἔς
1117 1873 1206 1928 τὸν
1227 1869 1394 1944 τάφον
1417 1873 1773 1941 ε’σκομίζεσθαι
1797 1867 1972 1939 νόμος.

476 1961 590 2014 Ἐπὶ
613 1957 828 2021 τούτους
849 1959 971 2021 τοὺς
1000 1958 1319 2030 Ἐφθαλίτας
1343 1962 1416 2031 τῷ
1439 1954 1641 2029 Περόζῃ
1665 1955 1986 2030 πορευομένῳ
2010 1959 2134 2024 ’ξυμ-
2149 1967 2184 2013 2

318 2051 487 2121 παρῆν
508 2044 836 2121 πρεσβευτῂς,
883 2042 939 2107 ὃς
960 2043 1023 2113 δὴ
1047 2043 1188 2113 ἔτυχε
1209 2043 1337 2115 πρὸς
1356 2041 1606 2111 βασιλέως
1626 2039 1868 2113 Ζήνωνος
1885 2040 2013 2113 παρ’
2042 2039 2139 2095 αὗ-
2179 2069 2184 2076 -

431 2215 476 2258 1.
507 2208 614 2257 οὔτε
641 2232 698 2243 -
726 2205 858 2263 οὔτε]
894 2203 1004 2253 οὐδὲ
1032 2233 1090 2241 —-
1118 2204 1230 2254 οὐδὲ
1263 2209 1314 2254 Ρ.
1470 2207 1573 2252 ibid.
1606 2202 1766 2259 αὐτοῖς
1792 2208 1843 2250 Α.
1900 2202 2057 2250 αὕτῶν
2084 2204 2138 2251 Ρ.

432 2272 504 2314 10.
550 2265 657 2313 οὔτε
684 2291 741 2299 -
771 2264 905 2322 οὔτε]
941 2263 1051 2311 οὐδὲ
1077 2289 1135 2298 -
1162 2261 1277 2311 οὐδὲ
1304 2265 1354 2309 Ρ.
1525 2267 1595 2310 11.
1630 2265 1837 2324 θηρίων]
1881 2264 2055 2320 θηρίου
2082 2264 2135 2306 Α.

434 2328 506 2371 12.
547 2325 660 2377 τούς
684 2322 848 2380 πέλας]
876 2328 976 2378 τοῖς
1001 2321 1138 2378 πέλας
1163 2319 1237 2370 αἐὶ
1266 2323 1306 2368 Α
1332 2324 1565 2369 correctus.
1733 2322 1806 2368 15.
1832 2317 1944 2379 τύχῃ
1974 2323 2012 2366 Α
2039 2335 2137 2366 cor-

432 2387 593 2428 rectus.
650 2379 786 2439 τύχοι
809 2382 863 2426 P.
2182 2383 2184 2386 ’

324 2525 521 2570 mercium
548 2523 800 2569 intercedat.
857 2525 987 2569 Haud
1014 2527 1124 2573 enim
1153 2538 1296 2569 eorum
1326 2523 1512 2569 confines
1538 2527 1639 2567 sunt
1666 2538 1804 2581 neque
1837 2523 2033 2574 accolae3
2062 2521 2139 2565 sed

323 2585 575 2635 Persarum,
613 2597 641 2624 a
669 2583 993 2637 septentrione:
1034 2583 1106 2626 ubi
1134 2588 1202 2625 est
1230 2583 1408 2639 Gorgo,
1437 2583 1538 2624 urbs
1568 2581 1624 2624 ad
1651 2594 1768 2623 oram
1796 2579 1883 2623 sita
1911 2585 2140 2622 extremam
2182 2599 2184 2601 ¹

323 2639 530 2683 Persidis.
584 2639 671 2682 Hic
714 2640 769 2682 de
807 2639 1009 2682 limitibus
1038 2645 1207 2683 certare
1234 2638 1347 2683 inter
1373 2652 1422 2682 se
1448 2638 1597 2685 solent.
1653 2637 1752 2680 Nec
1789 2651 1893 2680 vero
1931 2641 2140 2692 vagantur

324 2696 605 2753 Ephtbalitae
644 2696 896 2753 palanturve
935 2702 1197 2740 caeterorum
1234 2710 1350 2739 more
1386 2696 1663 2748 Hunnorum;
1691 2694 1767 2736 sed
1794 2695 1902 2737 fixas
1928 2693 2012 2736 iam
2039 2691 2141 2736 inde
2175 2704 2177 2706 ·

323 2753 560 2809 antiquitus
598 2752 644 2794 in
680 2752 857 2807 regione
894 2752 1077 2808 benigna
1118 2754 1245 2796 sedes
1284 2752 1496 2803 retinent,
1533 2751 1596 2794 ita
1633 2751 1804 2808 quidem
1842 2755 1891 2794 ut
1928 2763 2140 2806 nunquam

324 2809 408 2853 nisi
435 2823 520 2853 una
547 2823 642 2852 cum
669 2808 814 2852 Medis
841 2810 884 2852 in
913 2810 1142 2852 Romanam
1169 2807 1370 2854 ditionem
1395 2808 1645 2864 irruperint.
1702 2808 1774 2851 Ex
1801 2808 1966 2851 Hunnis
1994 2807 2040 2849 hi
2060 2805 2140 2849 soli
2175 2847 2184 2863 ,ι

325 2880 509 2923 corpora
546 2871 645 2909 cute
684 2865 866 2910 candida
903 2872 947 2910 et
983 2867 1124 2909 vultus
1164 2868 1325 2910 habent
1365 2865 1530 2909 minime
1556 2865 1780 2908 deformes.
1837 2866 1986 2921 Longe
2013 2863 2140 2906 etiam

324 2923 507 2965 diversis
546 2922 730 2966 moribus
762 2923 928 2966 vivunt.
986 2923 1087 2966 Non
1121 2923 1230 2967 enim
1257 2923 1412 2975 vitam,
1449 2929 1500 2966 ut
1526 2921 1616 2974 illi,
1657 2922 1836 2965 ferinam
1865 2925 2023 2977 agunt3
2060 2919 2141 2963 sed
2174 2933 2184 2978 j,

323 2979 437 3036 Regi
465 2979 538 3023 uni
566 2985 744 3037 parent,
773 2994 825 3023 ac
852 2982 931 3023 sub
959 2979 1147 3036 politicis
1174 2980 1365 3036 legibus,
1392 2979 1506 3022 inter
1531 2991 1579 3021 se
1607 2983 1652 3020 et
1679 2993 1771 3022 cum
1799 2978 1953 3022 vicinis
1983 2991 2038 3021 ex
2065 2991 2141 3021 ae-
2175 3007 2184 3031 ,νβ

324 3052 409 3094 quo
456 3042 501 3080 et
541 3038 652 3080 bono
689 3038 973 3090 contrahunt,
1015 3051 1093 3079 nec
1135 3037 1286 3080 minori
1329 3051 1432 3080 sane
1460 3049 1555 3078 cum
1582 3034 1708 3078 laude
1735 3050 1859 3093 quam
1887 3033 2066 3079 Romani
2095 3038 2141 3076 et
2170 3031 2184 3076 ⁴,

324 3095 503 3150 quaevis
550 3093 661 3136 aliae
709 3094 917 3137 nationes.
1006 3093 1331 3150 Opulentissimi
1381 3092 1536 3150 quique
1585 3092 1741 3136 amicos
1782 3093 2018 3148 adiungunt
2055 3088 2141 3133 sibi
2182 3103 2184 3105 ’

324 3150 526 3202 vicenos,
556 3155 652 3201 aut,
683 3151 721 3193 si
748 3152 838 3194 fors
866 3151 1037 3202 tulerit,
1067 3151 1194 3193 etiam
1223 3151 1381 3206 plures,
1409 3162 1513 3206 quos
1541 3162 1706 3205 semper
1734 3150 1894 3193 habent
1920 3147 2141 3199 convivas,
2175 3151 2184 3182 '³

325 3208 592 3264 omniumque
620 3207 869 3250 facultatum
898 3221 1066 3250 suarum
1093 3207 1351 3263 participes,
1389 3206 1491 3250 dato
1519 3206 1696 3262 singulis
1725 3205 1931 3249 communi
1959 3205 2140 3262 quodam

322 3263 368 3307 in
397 3278 470 3307 eas
499 3264 605 3307 iure.
663 3266 720 3307 At
748 3264 820 3308 ubi
850 3265 941 3307 fato
975 3263 1186 3307 concessit
1213 3264 1286 3319 qui
1313 3264 1406 3306 illos
1433 3262 1517 3305 sibi
1544 3263 1712 3305 sodales
1737 3263 1978 3313 asciverat,
2024 3260 2138 3304 obei-

324 3321 420 3421 {iuit
461 3321 746 3378 consuetudo,
797 3325 845 3365 ut
881 3320 967 3379 ipsi
1006 3320 1145 3364 adhuc
1172 3319 1290 3364 vitae
1318 3320 1433 3378 pleni
1460 3319 1504 3363 in
1529 3320 1730 3363 tumulum
1759 3333 1850 3363 cum
1878 3324 2042 3362 mortuo
2069 3317 2138 3360 in-

346 3385 531 3422 erantur.

438 3437 659 3479 Petentem
698 3434 977 3491 Ephthalitas
1012 3434 1217 3476 Perozem
1251 3437 1423 3478 secutus
1451 3436 1520 3477 est
1546 3432 1757 3476 Eusebius
1784 3431 1967 3477 Zenonis
1996 3432 2139 3486 Augu-

328 3493 386 3539 sti
414 3493 530 3552 apud
557 3506 650 3538 eum
677 3493 878 3550 Legatus.
935 3494 994 3537 At
1019 3491 1083 3536 illi
1109 3491 1303 3536 simulata
1329 3492 1458 3549 fuga,
1486 3491 1610 3549 quasi
1636 3489 1816 3536 hostium
1842 3490 2028 3535 adventu
2048 3494 2138 3532 ter-
