2254 3814
355 133 478 191 424
1107 142 1441 198 PROCOPII

354 276 549 343 μαίνων
587 279 681 346 τὴν
722 273 880 331 νύκτα
922 276 1045 348 ὅλην
1075 280 1148 350 μὴ
1173 283 1222 336 οἱ
1247 283 1476 352 πολέμιοι
1488 326 1507 353 ,
1549 285 1994 360 ξυμφρονῆσαντὲς
2018 317 2071 350 τε
2097 298 2181 350 καὶ

282 369 322 412 D
357 361 441 415 ἐπ’
471 363 659 426 αὐτοὺς
686 359 1031 432 ξυνιστάμενοι
1046 406 1064 431 ,
1111 367 1177 420 τὰ
1205 366 1456 438 ἀνήκεστα
1484 370 1672 435 αὐτοὺς
1698 373 1970 446 δράσωσιν.
2056 380 2180 453 ὅπερ

354 445 398 500 εἲ
435 446 670 515 γενέσθαι
701 444 877 521 τρόπῳ
914 447 1018 523 ὅτῳ
1058 451 1123 520 δὴ
1159 461 1440 522 τηνικαῦτα
1474 457 1765 526 ξυνέπεσεν,
1813 460 1952 530 οἶμαι
1974 462 2178 520 ἂνῬω-
2253 458 2254 466 ¹

353 534 518 599 μαίων
544 530 727 584 οὐδένα
759 531 1075 606 διαφυγόντα
1103 535 1293 607 ταύτης
1330 539 1395 610 δὴ
1434 547 1527 611 τῆς
1559 545 1695 606 λείας
1727 543 2043 602 ἀπόνασθαι.
2130 551 2180 604 οἳ

351 616 448 686 γὰρ
482 621 793 684 στρατιῶται
822 617 1029 688 πένητες
1066 619 1335 693 ἅνθρωποι
1379 630 1564 695 κομιδῆ
1609 627 1750 691 ὄντες
1783 634 1867 684 καὶ
1901 631 2222 702 χρημάτων5

346 701 439 767 μὲν
469 700 520 763 ἒς
547 700 676 771 ἄγαν
698 699 931 772 μεγάλων
945 745 963 771 ,
1012 705 1265 774 σωμάτων
1299 711 1355 763 δὲ
1390 708 1592 782 ὦραίων
1616 735 1670 767 τε
1693 717 1779 782 καὶ
1800 714 2074 789 ὑπερφυῶς
2099 719 2185 773 εὗ-

347 791 553 855 πρεπῶν
579 784 743 855 κύριοι
770 788 824 841 ἐκ
848 794 943 842 τοῦ
970 793 1226 862 αἰφνιδίου
1254 796 1566 865 γεγενημένοι
1589 799 1812 868 κατέχειν
1837 802 1930 871 τὴν
1954 801 2184 858 διάνοιαν

350 870 514 923 οὐκέτι
538 869 783 926 ἐδύναντο
812 873 932 928 οὐδὲ
953 873 1104 947 κόρον
1124 878 1238 931 τινὰ
1261 885 1363 934 τῶν
1388 882 1532 953 σφίσι
1558 881 1827 954 παρόντων
1850 885 2024 958 εὖρεῖν,
2061 889 2183 953 ἀλλ’,

356 953 519 1018 οὕτως
552 957 804 1025 ἐμέθυον,
851 963 1307 1033 καταβεβρεγμένοι
1340 974 1448 1029 τοῖς
1483 965 1798 1039 ὑπάρχουσιν
1825 971 2181 1042 εὐτυχήμασιν,

353 1039 484 1094 ὥστε
522 1039 718 1096 τούτων
757 1044 971 1109 ἕκαστος
1014 1045 1219 1102 ἅπαντα
1257 1049 1392 1120 ἄγων
1427 1053 1479 1114 ἒς
1513 1053 1828 1124 Καρχηδόνα
1850 1056 2182 1128 ἀναστρέφειν
2197 1077 2252 1119 10

176 1133 213 1175 P
243 1133 326 1180 243
356 1123 645 1193 ἐβούλοντο.
732 1130 815 1181 καὶ
843 1128 1171 1202 περιήρχοντο
1201 1134 1260 1187 οὗ
1284 1136 1415 1189 κατὰ
1434 1142 1741 1210 συμμορίας,
1785 1141 1918 1195 ἀλλὰ
1942 1144 2073 1197 κατὰ
2094 1146 2182 1198 ἕνα

352 1209 384 1278 ἢ
425 1207 549 1278 δύο,
592 1210 692 1281 ὅπη
729 1216 853 1268 ποτὲ
891 1216 1079 1279 αὐτοὺς
1104 1215 1138 1287 ἦ
1160 1219 1299 1281 ἐλπὶς
1321 1219 1461 1288 ἄγοι,
1497 1221 1700 1277 ἅπαντα
1722 1222 1890 1301 κύκλῳ
1917 1226 2183 1299 διερευνώ-

350 1317 494 1364 μενοι
514 1295 566 1350 ἕν
591 1318 645 1350 τε
672 1294 858 1362 νάπαις
881 1303 965 1352 καὶ
990 1304 1297 1374 δυσχωρίαις
1322 1307 1406 1358 καὶ
1430 1305 1483 1359 εἶ’
1494 1330 1594 1362 που
1618 1307 1867 1379 σπήλαιον
1895 1312 2182 1383 παρατύχοι

346 1379 382 1450 ἢ
408 1379 533 1434 ἄλλο
562 1379 734 1435 ὁτιοῦν
757 1384 809 1445 ἐς
838 1386 1119 1455 κίνδυνονῆ
1146 1389 1354 1460 ἐνέδραν
1375 1389 1515 1461 ἄγον.
1604 1393 1724 1448 οὐδὲ
1746 1395 1842 1467 γὰρ
1867 1397 2055 1462 αὐτοὺς
2078 1406 2181 1454 τῶν

348 1467 604 1535 πολεμίων
642 1465 807 1538 φόβος
847 1469 966 1525 οὗδὲ
1004 1469 1035 1541 ἦ
1071 1476 1378 1546 Βελισαρίου
1413 1477 1572 1541 αἰδὼς
1606 1477 1741 1551 ἐσῄει
1779 1481 1900 1536 οὐδὲ
1923 1482 2048 1538 ἄλλο
2078 1491 2180 1540 τῶν
2197 1495 2249 1541 15

349 1547 558 1605 πάντων
591 1551 767 1620 οὐδὲν,
814 1552 893 1608 ὅτι
930 1556 1004 1626 μὴ
1044 1555 1077 1625 ἦ
1120 1563 1225 1613 τῶν
1270 1558 1515 1632 λαφύρων
1554 1564 1819 1634 ἐπιθυμία.
1907 1562 2100 1640 ταῦτης
2126 1593 2181 1625 τε

349 1633 449 1689 ὕπο
475 1634 765 1707 βιαζόμενοι
788 1639 838 1702 ἐς
861 1639 1127 1713 ὀλιγωρίαν
1154 1650 1256 1698 τῶν
1282 1645 1452 1700 ἄλλων
1485 1645 1726 1704 ἁπάντων
1759 1648 2055 1723 ἐτράποντο.
2145 1655 2182 1710 ἃ

350 1720 415 1788 δὴ
442 1719 647 1776 ἅπαντα
672 1724 725 1776 ἓν
749 1730 821 1799 νῷ
844 1725 1146 1796 ποιούμενος
1170 1728 1473 1803 Βελισοῖριος
1496 1734 1548 1788 ἓν
1571 1733 1751 1810 ἀπόρῳ
1776 1735 1903 1805 εἶχεν
1927 1733 1961 1811 ᾗ
1990 1740 2049 1794 τὸ
2077 1763 2180 1794 πα-

349 1805 441 1876 ρὸν
463 1807 677 1863 θέσθαι.
721 1807 831 1877 ἅμα
852 1813 909 1865 δὲ
932 1811 1098 1889 ἡμέρᾳ
1122 1815 1202 1868 ἐπὶ
1226 1812 1390 1888 λόφου
1416 1819 1554 1882 τινὸς
1579 1826 1671 1891 τῆς
1696 1820 1820 1876 ὀδοῦ
1842 1823 1999 1894 ἀγχοῦ
2026 1823 2180 1895 ἑστή-

348 1912 449 1957 κει,
505 1890 597 1960 τήν
638 1914 691 1947 τε
733 1895 900 1950 οὐκέτι
935 1893 1095 1952 οὖσαν
1129 1899 1402 1968 εὐκοσμίαν
1452 1902 1861 1975 ἀνακαλούμενος
1894 1912 1978 1963 καὶ
2013 1912 2247 1966 πολλὰΞΟ

284 1979 323 2026 Β
353 1981 478 2028 πᾶσι
506 1976 846 2047 στρατιώταις
872 2003 924 2035 τε
950 1980 1080 2050 ὁμοῦ
1110 1988 1194 2038 καὶ
1230 1985 1442 2057 ἄρχουσι
1476 1989 1878 2062 λοιδορούμενος.
1959 1993 2075 2050 τότε
2113 1997 2178 2067 δὴ

350 2058 489 2123 ὅσοις
510 2060 746 2133 τετύχηκε
772 2068 985 2135 πλησίον
1005 2090 1104 2122 που
1131 2068 1254 2124 εἶναι
1268 2112 1286 2138 ,
1333 2074 1415 2125 καὶ
1434 2072 1659 2141 μάλιστα
1680 2077 1729 2131 οἱ
1755 2083 1847 2146 τῆς
1875 2083 2179 2152 Βελισαριόυ

350 2147 511 2210 οἰκίας
535 2146 692 2215 ὅντες,
738 2150 802 2205 τὰ
824 2153 918 2220 μὲν
946 2150 1242 2226 ὖπόρχοντα
1267 2158 1412 2229 σφίσι
1429 2157 1673 2231 χρήματά
1694 2182 1748 2217 τε
1776 2167 1859 2217 καὶ
1876 2164 2179 2238 ἀνδράποδα

458 2311 502 2356 6.
530 2308 721 2368 πένητες
750 2314 836 2359 AL.
895 2315 1063 2369 πάντες
1091 2319 1141 2362 Ρ.
1297 2323 1364 2366 17.
1394 2319 1490 2371 ὕπο
1514 2322 1778 2383 βιαζόμενοι
1806 2328 2003 2375 Grotius.
2059 2328 2178 2378 ὕπο·

462 2366 724 2424 βιαζόμενοι
756 2372 804 2414 Ρ.
865 2371 958 2418 ὕπο
986 2376 1254 2433 βιαζόμενος
1281 2380 1379 2430 HL.
1548 2385 1620 2428 18.
1656 2380 1849 2445 ἀπόρῳ]
1889 2384 2083 2447 ἅπόῤῥφ
2122 2392 2174 2434 Α.

461 2427 566 2469 ibid.
595 2421 653 2486 ᾗ]
686 2422 717 2486 ἦ
742 2429 838 2475 HL.
897 2432 1022 2476 Conf-
1052 2449 1095 2492 ρ.
1122 2437 1209 2482 256
1238 2451 1277 2480 c.

345 2592 438 2622 rum
466 2579 638 2635 hostes,
683 2584 882 2642 factoque
908 2586 1096 2645 impetu,
1134 2590 1229 2635 illos
1257 2593 1562 2651 opprimerent.
1619 2596 1752 2642 Certe
1776 2597 1815 2642 si
1842 2602 1944 2643 tunc
1970 2602 2174 2660 temporis

344 2636 660 2693 impressionem
691 2655 863 2698 quoque
890 2646 1013 2690 modo
1043 2647 1285 2703 dedissent,
1317 2661 1554 2698 nostrorum
1582 2669 1727 2710 nemo,
1756 2663 1804 2699 ut
1831 2657 2026 2713 equidem
2055 2661 2176 2703 arbi-

347 2699 466 2745 tror,
497 2696 705 2740 evasisset
734 2698 845 2751 hinc,
876 2709 1025 2746 auctus
1057 2706 1230 2761 praeda.
1293 2709 1454 2753 Milites
1484 2713 1620 2764 enim,
1651 2718 1700 2756 ut
1727 2721 1851 2756 erant
1878 2729 2020 2758 omnes
2048 2719 2175 2773 oppi-

348 2750 405 2791 do
436 2750 651 2804 homines,
696 2761 739 2797 et
768 2757 1068 2804 affectionibus
1095 2763 1290 2807 humanis
1319 2767 1515 2824 obnoxii,
1562 2784 1654 2813 cum
1685 2778 1731 2813 et
1759 2770 1954 2825 ingentes
1982 2772 2174 2827 divitias,

348 2811 394 2849 et
422 2821 603 2864 corpora
632 2811 841 2866 singulari
869 2816 1007 2861 forma
1036 2822 1247 2874 praedita,
1289 2822 1334 2865 in
1361 2839 1478 2867 suam
1508 2840 1555 2868 re
1587 2834 1684 2870 ente
1714 2834 1966 2883 potestatem
1996 2830 2174 2873 redacta

349 2871 600 2918 cernerent,
648 2873 827 2913 animum
858 2886 936 2915 nec
965 2881 1138 2930 tenere,
1179 2892 1258 2922 nec
1286 2880 1442 2924 oblatis
1470 2841 1646 2940 explere
1674 2890 1892 2941 poterant=
1950 2887 2027 2929 sed
2056 2888 2174 2931 dulci

348 2919 522 2963 fortuna
550 2923 683 2976 ebrii,
727 2926 789 2970 ita
818 2929 1134 2987 efferebantur,
1173 2942 1223 2978 ut
1251 2937 1430 2994 quisque
1458 2941 1586 2984 obvia
1612 2955 1806 2998 quaeque
1833 2942 2030 2998 rapiens,
2061 2945 2174 2987 Car-

345 2977 563 3032 thaginem
604 2981 746 3025 redire
787 2986 929 3030 Vellet·
989 2989 1257 3048 Quacunque
1285 3008 1386 3050 spes
1416 2997 1603 3052 praedae
1630 2998 1829 3050 duceret,
1865 3014 1948 3041 non
1979 3001 2174 3058 manipu-

345 3032 481 3086 latim,
511 3041 556 3078 at
582 3050 771 3082 seorsum
797 3042 968 3098 singuli,
1010 3047 1078 3089 vel
1106 3049 1191 3091 bini
1222 3052 1343 3094 simul
1372 3055 1588 3107 errabant,
1616 3054 1661 3096 in
1689 3054 1861 3096 saltibus
1891 3070 1942 3098 ac
1972 3058 2171 3115 deruptis

346 3089 480 3143 locis,
522 3098 566 3134 et
594 3094 731 3137 sicubi
758 3099 1028 3157 speluncam,
1073 3106 1142 3147 vel
1171 3108 1371 3163 angulum
1402 3110 1568 3154 insidiis
1596 3111 1744 3167 aptum
1772 3112 2063 3167 offenderent,
2105 3115 2170 3158 ibi

344 3148 485 3191 omnia
513 3152 839 3206 scrutabantur3
871 3164 1021 3201 metum
1052 3162 1255 3215 hostium,
1285 3165 1482 3209 Belisarii
1511 3168 1818 3220 reverentiam,
1848 3170 1972 3214 aliam
2001 3173 2170 3215 demum

347 3206 580 3259 quamlibet
607 3209 904 3264 cogitationem
934 3218 1171 3271 expellente
1201 3222 1386 3275 praedae
1415 3223 1672 3279 cupiditate:
1711 3239 1796 3280 qua
1825 3227 1954 3279 victi,
1995 3234 2169 3274 caetera

346 3261 472 3303 flocci
501 3263 730 3308 faciebant.
788 3268 907 3312 Haec
934 3286 1078 3316 secum
1107 3276 1381 3322 considerans
1402 3279 1664 3334 Belisarius,
1694 3281 1798 3338 quid
1825 3298 1852 3326 e
1878 3297 1926 3326 re
1954 3289 2055 3328 nata
2075 3293 2168 3329 sta-

346 3325 514 3370 tueret,
545 3321 775 3366 nesciebat.
835 3327 900 3369 Ut
927 3328 1090 3385 illuxit,
1124 3333 1360 3386 proximum
1388 3336 1484 3378 viae
1512 3337 1710 3381 tumulum
1738 3340 1944 3394 ascendit,
1975 3347 2020 3385 et
2049 3342 2170 3384 ordi-

346 3389 440 3418 nem
469 3376 551 3419 iam
580 3378 787 3436 dilapsum
815 3381 1076 3439 instaurans,
1106 3403 1276 3440 omnm,
1304 3407 1398 3435 cum
1429 3393 1606 3447 milites,
1645 3401 1734 3438 tum
1773 3396 1927 3450 duces,
1972 3399 2167 3453 graviter

345 3432 571 3490 increpuit.
631 3436 883 3498 Quicunque
924 3441 968 3487 in
1011 3443 1152 3490 vicino
1195 3454 1343 3502 erant,
1396 3451 1659 3509 maximeque
1698 3453 1919 3498 domestici
1954 3455 2166 3509 Belisarii‚
