2254 3814
327 187 448 246 428
1094 190 1426 245 PROCOPII

328 332 599 400 εὐκοσμίας
628 329 896 397 ἀντείχετο,
936 328 1066 384 ἀλλὰ
1086 333 1168 384 καὶ
1187 328 1442 402 Ἐροῦλιον
1470 327 1581 384 ὅσοι
1609 327 1748 404 αὐτῷ
1773 331 1986 386 εἵποντο.
2032 337 2153 386 τοῦ-

329 439 418 471 τον
447 417 509 486 δὴ
536 417 624 469 τὸν
652 413 835 484 Φάραν
861 415 911 476 ἒς
931 415 1020 469 τὸν
1059 421 1151 469 τοῦ
1186 416 1339 486 ὄρους
1371 413 1607 486 πρόποδα
1646 413 1945 487 Βελισάριος
1983 423 2154 485 καθῆ-

329 509 459 555 σθαι
485 502 577 569 τὴν
597 505 688 553 τοῦ
724 505 970 567 χειμῶνος
1005 500 1143 570 ὥραν
1179 502 1367 554 ἐκέλευε
1407 503 1490 554 καὶ
1529 500 1762 572 φυλακὴν
1793 500 1978 571 ἀκριβῆ
2007 499 2149 569 ἔχειν,

155 590 190 630 Ρ
220 588 302 632 245
334 585 403 648 ὥς
426 584 556 654 μήτε
578 585 637 638 τὸ
664 583 783 652 ι’)’ρος
805 585 1066 639 ἀπολιπεῖν
1081 590 1132 639 Γ
1127 587 1312 655 ελίμερι
1336 586 1530 639 δυνατὰ
1553 586 1626 654 εἴη
1648 583 1776 654 μήτε
1797 607 1846 639 τι
1871 592 1974 639 τῶν
1998 586 2154 655 ἀναγ-

330 672 487 726 καίων
512 671 563 732 ἒς
593 668 718 722 αὐτὸ
748 671 1120 736 ε’σκομίζεσθαι.
1210 674 1292 723 καὶ
1322 668 1506 741 Φάρας
1527 672 1620 738 μὲν
1642 670 1773 724 κατὰ
1796 677 1960 723 ταῦτα
1985 671 2150 724 ἕποιέι.
2167 684 2194 726 5

327 752 631 824 Βελισὰριος
664 755 720 808 δὲ
757 757 1074 821 Βανδίλους,
1135 753 1246 809 ὅσοι
1282 757 1333 818 ἐς
1370 755 1460 809 τὸν
1490 753 1850 826 Ἱππονερίγιον
1884 755 2012 826 πρὸς
2047 763 2155 818 τοῖς

329 841 483 909 ἱεροῖς
518 840 675 893 ἱκέται
714 836 970 908 ἐκάθηντο
985 882 1002 907 ,
1049 843 1232 894 πολλοί
1262 863 1314 894 τε
1340 842 1422 894 καὶ
1444 839 1642 912 ι’ίριστοι
1657 881 1674 906 ,
1714 840 1962 911 ἀνέστησέ
1986 862 2039 893 τε
2069 863 2154 892 πι-

327 926 426 979 στὰ
454 922 709 992 λαβόντας
733 927 816 977 καὶ
841 926 891 987 ἒς
912 923 1227 996 Καρχηδόνα
1253 926 1342 990 ξὺν
1369 931 1572 998 φυλακῇ
1597 924 1836 995 ἔπεμψεν.
1922 926 2154 979 ἐνταῦθα

325 1012 382 1064 δὲ
414 1011 555 1083 αὐτῷ
583 1011 672 1063 καί
693 1032 742 1062 τι
767 1006 961 1064 τοιόνδε
989 1015 1252 1083 ξυμπεσεΐν
1276 1011 1463 1079 ἔτυχεν.

139 1095 183 1137 Η
217 1098 298 1140 128
491 1096 575 1150 Ἔν
600 1101 663 1166 τῇ
690 1100 740 1148 Γ
736 1097 963 1167 ελίμερος
1000 1099 1132 1171 οῗκιά
1155 1095 1481 1167 γραμματείς
1507 1090 1569 1163 ἦν
1603 1115 1681 1157 τις
1707 1091 2019 1166 Βονιφοῖτιος
2043 1094 2150 1148 Λι’-
2170 1107 2224 1149 10

318 1188 437 1251 βυς,
485 1183 539 1234 ἐκ
569 1181 816 1246 Βυζακίου
840 1178 1152 1251 ὁρμώμενος,
1194 1181 1372 1243 πιστὸς
1393 1186 1465 1254 τῷ
1491 1185 1542 1232 Γ
1539 1182 1724 1250 ελίμερι
1748 1181 1798 1242 ἒς
1822 1179 1886 1232 τὰ
1909 1177 2152 1247 μάλιστα.

322 1273 506 1321 τοῦτον
533 1266 594 1334 δὴ
619 1266 709 1319 τὸν
739 1264 1053 1337 Βονιφάτιον
1072 1271 1123 1318 Γ
1120 1268 1285 1336 ελίμερ
1310 1265 1431 1320 κατ’
1459 1263 1621 1335 ἀρχὰς
1642 1267 1790 1318 τοέδε
1816 1270 1907 1316 τοῦ
1929 1265 2152 1332 πολέμου

324 1353 376 1414 εἷς
410 1356 538 1405 ναῦν
581 1348 868 1419 ἐμβιβάσας
911 1350 1098 1420 ἄριστα
1140 1351 1428 1415 πλέουσαν,
1475 1350 1528 1402 ἓν
1562 1346 1726 1421 ταύτῃ
1753 1371 1806 1402 τε
1836 1347 2039 1402 ἅπαντα
2063 1348 2153 1403 τὸν

256 1454 294 1496 Β
323 1436 589 1505 βασιλικὸν
618 1442 842 1489 πλοῦτον
876 1435 1178 1503 ἐνθέμενος,
1222 1436 1443 1490 ἐκέλευεν
1484 1435 1536 1497 ἔς
1554 1433 1645 1488 τὸν
1673 1440 1765 1488 τοῦ
1786 1432 2150 1505 Ἰππονερεγιόυ

142 1541 181 1580 v
211 1540 295 1584 392
325 1522 501 1590 λιμένα
528 1519 857 1591 ὁρμίζεσθαι,
904 1520 966 1589 ἢν
994 1521 1061 1574 τοὶ
1087 1519 1363 1593 πράγματα
1385 1522 1560 1592 σφίσιν
1587 1519 1680 1573 οὔκ
1714 1513 1767 1572 εὖ
1795 1518 2150 1587 καθιστάμενα
2168 1522 2232 1572 15'

321 1609 440 1672 ἴδοι,
487 1604 553 1659 τά
582 1627 636 1660 τε
653 1605 898 1676 χρήματα
926 1605 1108 1676 ἔχοντα
1137 1613 1277 1660 πλεῖν
1304 1605 1435 1660 κατὰ
1457 1602 1612 1674 τάχος
1640 1602 1973 1670 ἕςἹσπανιάν,
2011 1603 2153 1675 παρὰ

261 1728 271 1736 «
326 1695 514 1747 Θεῦδίν
534 1714 586 1746 τε
627 1691 906 1762 ἀφικέσθαι
940 1693 1030 1746 τὸν
1056 1697 1158 1745 τῶν
1195 1689 1551 1763 Οὖισιγότθων
1578 1687 1884 1761 ἡγούμενον,
1929 1689 2059 1742 ἔνθα
2087 1689 2151 1757 δὴ

322 1781 405 1831 καὶ
429 1777 582 1840 αὐτὸς
602 1775 946 1842 διασώζεσθαι
971 1775 1296 1847 ἐκαραδόκει,
1344 1781 1572 1847 πονηρᾶς
1593 1775 1854 1845 γινομένης
1878 1777 2152 1836 Βανδίλοις

321 1869 412 1931 τῆς
438 1868 529 1916 τοῦ
558 1862 780 1928 πολέμου
816 1860 988 1931 τύχης.
1078 1861 1390 1934 Βονιφάτιος
1427 1863 1512 1928 δὲ,
1554 1861 1648 1922 ἕως
1668 1862 1762 1928 μὲν
1789 1860 1852 1913 τὰ
1880 1862 2150 1912 Βανδίλων

321 1950 502 2001 ἐλπίδα
545 1945 696 2015 εἶχεν,
743 1947 902 2001 αὐτοῦ
935 1948 1132 2015 ἔμενεν·
1179 1950 1282 2001 ἐπεὶ
1321 1950 1378 2001 δὲ
1414 1945 1628 2016 τάχιστα
1671 1943 1702 2013 ἦ
1751 1946 1801 1998 ἓν
1832 1942 2242 2019 ΤρικαμάριιιιΞΟ,-

317 2031 458 2103 μάχη
481 2035 564 2086 καὶ
589 2032 655 2086 τὰ
680 2032 813 2086 ἄλλα
843 2031 970 2104 ἅπερ
995 2030 1194 2104 ἐρρήθη
1219 2029 1445 2104 ἐγεγόνει,
1493 2030 1625 2103 ἄρας
1645 2030 1710 2084 τὰ
1732 2031 1870 2084 ἱστία
1895 2030 2030 2083 ἔπλει
2054 2052 2148 2082 κα·-

426 2171 470 2213 2.
500 2167 747 2224 πρόποδα]
791 2167 1030 2222 πρόποδον
1060 2171 1110 2213 L.
1270 2170 1312 2214 6.
1342 2166 1388 2221 ἐς
1415 2164 1500 2212 τὸν
1527 2167 1586 2211 Η.
1646 2161 1693 2217 ἔς
1722 2164 1776 2209 τό
1808 2165 1860 2208 L.
1917 2164 2149 2208 Articulum

426 2241 506 2270 om.
538 2228 589 2269 P.
706 2227 810 2269 ibid.
834 2226 1210 2283 ξΙππονερέγιον]
1241 2226 1386 2272 ἵππον
1414 2223 1587 2283 ἕρὲγιον
1617 2223 1714 2269 HL.
1742 2222 2073 2278 Ξππονεροὶγιον
2097 2226 2147 2266 Α.

422 2280 635 2328 ‘Imminet
666 2282 820 2341 ῥέγιον
852 2285 885 2326 Ρ
928 2299 1020 2326 cum
1050 2287 1148 2329 Hm.
1281 2287 1323 2328 8.
1354 2283 1437 2339 ξῦν
1467 2283 1600 2325 hum.
1644 2280 1729 2326 σῠν
1759 2285 1791 2325 Α
1827 2286 1871 2324 et
1903 2281 2146 2323 Maltretus.

424 2340 472 2393 ἐς
502 2343 593 2384 HP.
711 2343 815 2384 ibid.
847 2343 1029 2399 φυλακῇ
1060 2343 1132 2385 AL
1162 2347 1208 2384 et
1237 2341 1482 2385 Maltretus.
1526 2338 1741 2394 φυλακήν
1770 2339 1865 2381 ΗΡ.
1925 2339 2147 2394 φυλακῶν

425 2400 536 2450 Hm,
576 2397 690 2455 quod
731 2398 874 2441 fraudi
914 2399 998 2442 fuit
1035 2399 1212 2443 Reiskio
1254 2399 1309 2441 ad
1350 2396 1616 2442 Constantia.
1659 2397 1931 2453 Porpbyrog.
1973 2396 2058 2440 vol.
2099 2397 2144 2438 2.

424 2471 468 2514 p.
498 2459 600 2502 776.
716 2459 785 2501 18.
814 2458 1054 2514 πονηρᾶς]
1082 2455 1293 2514 πονήρας
1322 2457 1374 2503 Ρ.
1488 2457 1562 2500 21.
1588 2451 1796 2512 ἐρρήθη]
1826 2450 1996 2510 ἐρῤέθη
2026 2453 2078 2494 Ρ.

312 2570 486 2613 virtutis
518 2569 576 2612 sit
618 2584 804 2627 compos.
863 2570 1020 2628 Neque
1057 2570 1164 2613 haec
1201 2567 1503 2613 moderationis
1531 2569 1623 2612 laus
1652 2567 1725 2611 uni
1758 2567 1930 2610 Pharae
1967 2565 2147 2623 propria

311 2628 423 2681 suit,
463 2641 609 2669 verum
642 2629 836 2671 omnibus
865 2628 1092 2671 communis
1121 2627 1296 2679 Exulis,
1340 2628 1415 2684 qui
1459 2627 1539 2670 sub
1567 2625 1661 2682 ipso
1690 2626 1923 2669 merebant.
1984 2625 2145 2675 Quam-

313 2686 459 2727 obrem
491 2684 588 2726 huic
619 2685 878 2738 Reus-arius,
920 2685 983 2728 uti
1015 2685 1070 2728 ad
1111 2685 1264 2728 montis
1295 2683 1464 2727 radices
1493 2684 1654 2727 stativa
1681 2684 1860 2726 haberet
1889 2682 2051 2732 hieme,
2092 2695 2143 2723 ac

312 2741 511 2795 diligenti
549 2741 796 2796 provideret
841 2743 1063 2795 custodia,
1106 2757 1161 2785 ne
1203 2741 1411 2784 Gelimeri
1442 2756 1466 2784 e
1497 2746 1637 2784 monte
1666 2739 1893 2795 effugium,
1924 2753 2006 2781 neu
2030 2752 2144 2780 com-

311 2799 468 2840 meatui
503 2798 557 2839 ad
600 2798 716 2840 illum
755 2800 899 2843 aditus
950 2807 1144 2857 pateret,
1184 2799 1335 2842 edixit.
1395 2798 1493 2842 Nec
1537 2798 1679 2841 defuit
1714 2795 1923 2840 mandatis
1964 2796 2144 2837 Pharas.

313 2856 537 2911 Quotquot
567 2859 708 2897 autem
736 2857 782 2899 in
811 2857 1026 2914 Hipponis
1056 2855 1183 2912 Regii
1209 2856 1365 2912 templa
1394 2856 1679 2911 confugerunt
1709 2853 1915 2904 Vandali,
1946 2852 2018 2909 qui
2047 2852 2143 2907 plu-

313 2911 406 2954 rimi
438 2917 555 2954 certe
589 2918 634 2953 et
675 2913 900 2969 optimates
941 2921 1086 2966 erant,
1135 2913 1395 2965 Belisarius‚
1426 2913 1527 2955 data
1554 2913 1671 2967 fide,
1711 2911 1813 2953 inde
1845 2910 1940 2952 illos
1967 2908 2142 2960 amovit,

311 2973 357 3013 et
387 2968 687 3023 Carthaginem
723 2972 1024 3027 custodiendos
1053 2970 1182 3014 misit.
1247 2970 1401 3013 lbidem
1433 2971 1513 3013 hoc
1543 2969 1627 3027 ipsi
1658 2967 1819 3011 evenit.

426 3026 540 3068 Erat.
579 3025 622 3066 in
664 3041 835 3070 numero
866 3028 1188 3072 domesticorum
1219 3026 1447 3070 Gelimeris
1488 3026 1736 3069 Bonifacius
1766 3021 1937 3074 scriba,
1967 3021 2140 3064 natione

311 3083 445 3134 Afer,
485 3088 584 3125 ortu
626 3083 905 3139 Byzacmms,
961 3100 1082 3142 quem
1123 3085 1316 3128 Gelimer
1359 3084 1445 3126 sibi
1483 3083 1729 3126 fidissimum
1769 3086 1996 3136 expertus,
2039 3079 2140 3122 belli

311 3140 435 3183 huius
462 3136 588 3182 initio
619 3139 662 3180 in
702 3156 850 3184 navem
891 3142 1250 3198 expeditissimam
1291 3155 1384 3183 cum
1425 3140 1537 3183 omni
1574 3138 1696 3194 regia
1723 3152 1832 3193 gaza
1863 3137 2138 3193 imposuerat,

313 3196 584 3252 iusseratque
622 3195 864 3254 Hipponem
893 3198 1076 3253 Regium
1114 3199 1360 3253 appellere,
1399 3212 1452 3239 ac
1492 3196 1532 3238 si
1570 3209 1658 3239 rem
1689 3195 1961 3237 vandalicam
1992 3194 2139 3236 labare

314 3258 538 3305 cerneret,
566 3252 715 3296 iisdem
747 3269 840 3298 cum
869 3254 1024 3310 opibus
1052 3255 1096 3296 in
1125 3255 1370 3310 hispaniam
1400 3266 1566 3295 cursum
1595 3256 1832 3303 maturare,
1869 3255 1914 3293 et
1947 3250 2163 3305 Visigot-.

311 3311 482 3354 thorum
512 3309 746 3366 principem
775 3311 975 3355 Theudin
1007 3311 1146 3353 adire:
1190 3326 1274 3366 quo
1304 3318 1349 3353 et
1386 3309 1480 3365 ipse
1509 3323 1730 3353 evasurum
1769 3323 1816 3350 se
1844 3308 2006 3351 salvum
2035 3321 2138 3364 spe-

312 3368 462 3420 rabat,
506 3367 543 3410 si
588 3367 691 3410 belli
718 3368 893 3411 fortuna
922 3367 1126 3410 Vandalis
1159 3369 1264 3410 male
1294 3368 1484 3409 cederet.
1543 3366 1610 3408 Ibi
1650 3366 1818 3423 quidem
1846 3364 2004 3407 tamdiu
2034 3366 2139 3406 sub-

311 3423 426 3467 stitit
454 3424 727 3478 Bonifacius,
756 3425 939 3480 quandiu
972 3439 1050 3481 spe
1074 3424 1217 3480 aliqua
1247 3438 1313 3466 res
1346 3423 1629 3466 Vandalorum
1658 3423 1864 3466 subnixae
1891 3430 2018 3473 sunt3
2047 3428 2137 3463 sta-

312 3480 386 3525 tim
423 3487 564 3526 autem
609 3487 707 3540 post
745 3482 1112 3526 'I'ricamarensem
1154 3496 1336 3540 pugnam
1355 3513 1368 3533 ‚
1411 3487 1455 3524 et
1483 3487 1678 3533 caetera,
1722 3494 1832 3537 quae
1860 3478 2137 3531 narravimus,
2165 3497 2172 3502 ·
