2184 3822
231 175 345 232 172
966 174 1296 229 PROCOPII

224 307 456 387 τενόησεν
492 308 727 386 ἀοίκητόν
751 337 803 369 τε
837 317 920 369 καὶ
957 313 1161 371 πάντων
1189 316 1404 388 ἀγαθῶν
1427 306 1823 387 ξ’ρημονοῖσαν,
1870 315 2040 377 δείσας

221 401 294 472 μή
314 425 420 464 πως
442 401 468 456 ὅ
492 401 676 473 χρόνος
705 403 933 454 ἐνταῦθα
957 404 1143 471 τριβεὶς
1164 401 1370 474 πράξεσι
1391 399 1631 472 μεγάλαις
1654 401 1738 455 ἐπ’
1768 401 1933 454 οὐδενὶ
1955 401 2039 469 ἴρ-

224 509 296 560 yle
342 485 578 555 ἐμπόδιος
616 487 717 554 εἴη,
777 485 1151 557 ἀπεπειράσατο
1194 490 1287 556 μὲν
1327 488 1386 541 τὸ
1413 487 1602 556 χωρίον
1627 484 1869 559 ὁμολογία
1893 484 2033 539 ἑλεῖν.

78 575 115 618 Ρ
141 576 199 622 98
230 571 299 635 ὥς
319 574 374 625 δὲ
404 571 549 624 οὐδὲν
573 568 853 642 προύχώρει
864 612 881 637 ,
928 570 1103 641 πρόσω
1124 573 1254 626 κατὰ
1275 571 1428 640 τάχος
1448 571 1537 625 τὸν
1562 571 1782 642 στρατὸν
1806 570 2035 638 ἤλαυνεν.

397 654 547 709 Ὁδόν
575 677 627 708 τε
649 651 805 718 αὖθις
827 656 1083 726 τοσαύτην
1113 657 1304 720 ἀνύσας
1330 658 1535 728 ἀφίκετο
1560 657 1610 718 ἐς
1637 655 1782 709 πόλιν
1806 653 2034 724 Σούρων,
2052 667 2080 710 5

224 742 351 812 πρὸς
382 746 454 812 τῷ
493 739 746 812 Εὐφράτῃ
791 749 1007 816 ποταμῷ
1048 737 1236 810 οὖσαν,
1294 735 1356 812 ἧς
1394 742 1457 810 δὴ
1494 740 1756 809 ἀγχοτάτω
1776 739 2039 810 γενόμενος
2078 732 2081 734 v

220 827 357 895 ἵστη.
415 827 645 879 ἐνταῦθα
673 829 728 880 δὲ
752 833 822 900 τῷ
846 829 986 900 ἵππῳ
1013 828 1222 896 ξυνέβη,
1270 828 1357 898 ἐφ’
1383 819 1445 880 οὗ
1467 823 1494 880 ὅ
1520 824 1766 895 Χοσρόης
1791 823 2034 892 ἐκάθητο,

215 901 506 982 χρεμετίσαι
539 933 593 964 τε
629 914 711 964 καὶ
746 917 820 984 τῷ
856 915 975 966 ποδὶ
1016 912 1074 965 τὸ
1110 912 1302 984 ἔδαφος
1334 908 1546 979 κρούειν.
1636 909 1663 963 ὃ
1707 911 1770 979 δὴ
1810 911 1859 963 οἳ
1884 908 2038 978 μάγοι

220 994 562 1064 ’ξυμβαλόντες
594 994 890 1050 ἁλώσεσθαι
924 997 983 1050 τὸ
1015 999 1207 1069 χωρίον
1240 998 1534 1069 ἀπέφαινον.
1625 993 1731 1049 ὅδὲ
1754 1016 2037 1064 στρατοπε-

219 1080 525 1149 ὁευσάμενος
564 1083 644 1133 ἐπὶ
677 1082 768 1135 τὸν
799 1085 1066 1152 περίβολον
1103 1080 1172 1145 ὥς
1216 1079 1596 1152 τειχομαχήσων
1641 1080 1699 1133 τὸ
1746 1079 2035 1149 στράτευμα
2054 1090 2107 1133 10

218 1168 410 1236 ἐπῆγεν.
499 1165 736 1237 ἐτύγχανε
779 1167 839 1219 δέ
868 1189 945 1229 τις
984 1167 1147 1235 ὄνομα
1174 1167 1454 1238 Ἀρσάκης,
1492 1166 1752 1237 Ἀρμένιος
1790 1165 1853 1233 δὴ
1877 1166 2032 1235 γένος,

215 1258 318 1305 τῶν
355 1254 584 1305 ἐνταῦθα
618 1258 944 1322 στρατιωτῶν
978 1252 1148 1320 ἄρχων
1165 1293 1182 1318 ,
1243 1252 1300 1315 ὃς
1332 1254 1455 1315 τοὺς
1490 1248 1808 1322 στρατιώτας
1848 1253 1898 1312 ἐς
1942 1250 2036 1312 τὰς

194 1324 441 1400 ’ἐπάλξεις
461 1336 809 1404 ἀναβιβάσας,
851 1338 1053 1390 ἐνθένδε
1080 1359 1132 1390 τε
1153 1335 1439 1406 μαχόμενος
1464 1333 1775 1405 ἰσχυρότατα
1801 1337 1883 1388 καὶ
1908 1339 2036 1388 πολ-
2059 1393 2062 1396 ,

213 1423 332 1484 λούς
362 1428 465 1475 τῶν
489 1425 740 1488 πολεμίων
769 1423 996 1487 κτείνας,
1041 1420 1309 1490 τοξεύματι
1331 1425 1545 1492 βληθεὶς
1570 1419 1871 1490 ἐτελεύτησε.
1953 1422 2037 1472 καὶ

149 1509 188 1554 Β
217 1509 418 1576 Πέρσαι
442 1508 535 1573 μὲν
559 1505 672 1560 τότε
697 1501 793 1579 (ἦν
816 1507 914 1577 γὰρ
940 1513 1031 1576 τῆς
1052 1505 1244 1578 ἡμέρας
1271 1507 1401 1579 ὀψὲ)
1430 1506 1499 1570 ὥς
1525 1501 1680 1567 αὖθις
1701 1511 1765 1577 τῇ
1792 1504 2034 1579 ὑστεραίᾳ
2049 1517 2103 1561 15
2125 1531 2127 1533 ·
2158 1502 2160 1506 ’

210 1590 659 1661 τειχομαχήσοντες
706 1593 783 1644 ἐπὶ
820 1592 878 1645 τὸ
916 1592 1260 1660 στρατόπεδον
1295 1593 1480 1665 ᾔεσαν,
1536 1590 1772 1659 Ῥωμαῖοι
1815 1591 1870 1644 δὲ
1907 1592 2037 1644 ἄπο-

212 1677 441 1747 γνόντες,
491 1676 578 1730 ἅτε
614 1675 1022 1745 τετελευτηκότος
1051 1682 1196 1750 σφίσι
1240 1685 1333 1731 τοῦ
1371 1678 1647 1749 ἄρχοντος,
1694 1677 1848 1729 ἱκέται
1874 1678 2036 1728 διενο-

213 1769 360 1816 οῦντο
401 1760 645 1832 Χοσρόου
679 1763 929 1832 γενέσθαι.
1016 1770 1081 1834 τῇ
1121 1758 1212 1817 οὖν
1249 1762 1460 1835 ἐπιούσῃ
1507 1761 1670 1835 ἡμέρᾳ
1704 1762 1793 1814 τὸν
1824 1766 1916 1830 τῆς
1939 1758 2034 1814 πό-

211 1854 335 1910 λεως
358 1849 627 1900 ἐπίσκοπον
654 1845 958 1916 δεησόμενόν
983 1869 1035 1901 τε
1061 1851 1144 1901 καὶ
1167 1848 1224 1902 τὸ
1242 1851 1432 1920 χωρίον
1462 1844 1846 1916 ἕξαιτησόμενον
1882 1845 2034 1913 ἔπεμ-

209 1949 349 2000 ψαν,
416 1931 472 1994 ὃς
511 1938 613 1985 τῶν
656 1930 921 2001 ὑπηρετῶν
965 1954 1106 1996 τινας
1141 1931 1474 2003 ἐπαγόμενος,
1520 1932 1657 2003 ὅρνις
1692 1953 1744 1984 τε
1786 1931 2103 2001 φέρονταςῖο
2147 1975 2173 2000 ,,

211 2021 293 2071 καὶ
321 2016 457 2072 οἶνον
487 2020 569 2070 καὶ
594 2018 862 2088 καθαροὺς
891 2016 1096 2089 ἄρτους,
1125 2019 1266 2090 παρὰ
1294 2016 1540 2091 Χοσρόην
1568 2018 1794 2090 ἀφίκετο,
1826 2017 1878 2078 ἒς
1903 2018 1959 2069 δὲ
1973 2016 2031 2070 τὸ

323 2198 366 2240 5.
395 2194 621 2254 Σούρων]
653 2193 797 2252 σύρων
825 2197 921 2241 ΑΗ.
984 2196 1242 2240 Sui-enorum
1270 2197 1488 2240 civitatem
1507 2196 1603 2239 RV.
1651 2196 1781 2240 Unde
1808 2194 2030 2239 Hoesche-

320 2254 401 2296 lius
437 2256 708 2310 Σουρηνῶν.
850 2258 892 2298 7.
933 2249 958 2298 ὁ
998 2253 1210 2312 Χοσρόης
1236 2256 1332 2299 HL.
1362 2250 1386 2299 ὁ
1420 2269 1499 2298 om.
1531 2254 1584 2295 P.
1727 2257 1767 2298 8.
1810 2250 1835 2298 ὃ
1867 2268 1946 2296 om.
1976 2254 2026 2295 L.

324 2315 391 2356 11.
421 2311 514 2368 δὴ]
556 2313 608 2358 δὲ
639 2314 707 2355 H:
751 2311 854 2354 illud
886 2313 982 2355 Hm.
1102 2315 1171 2358 16.
1210 2311 1644 2370 τειχομαχήσοντες]
1674 2311 2028 2368 τειχομαχῆσαν-

321 2385 394 2421 τες
424 2370 474 2412 L.
603 2371 670 2415 17.
701 2371 831 2425 σφίσι
859 2370 910 2415 L.
941 2370 1097 2426 σφίσιν
1127 2371 1177 2413 Ρ.

205 2526 403 2570 momenti
432 2526 658 2583 oppidum,
701 2541 752 2569 ac
796 2526 1014 2583 regionem
1048 2527 1366 2571 inhabitabilem
1393 2525 1601 2583 bonisque
1631 2525 1822 2570 omnibus
1851 2539 2026 2568 vacuam

207 2584 529 2635 animadvertit3
558 2584 722 2626 veritus
750 2599 804 2627 ne
833 2585 1068 2641 consumpti
1096 2585 1155 2628 ibi
1184 2585 1386 2643 temporis
1413 2584 1577 2627 iactura
1606 2591 1704 2641 post
1731 2583 1862 2625 lusam
1893 2583 2027 2625 stulte

207 2655 376 2697 operam
404 2640 743 2696 impedimentum
785 2642 962 2685 afferret
1003 2643 1187 2700 inceptis
1215 2642 1406 2698 magnis,
1447 2641 1578 2698 potiri
1618 2641 1776 2697 oppido
1808 2639 2026 2683 deditione

205 2699 403 2742 tentavit.
462 2698 527 2742 Ut
554 2698 663 2741 vidit
689 2711 736 2741 se
765 2699 926 2741 frustra
955 2713 1074 2753 esse,
1104 2701 1333 2744 exercitum
1359 2699 1484 2742 iussit
1510 2698 1664 2742 festine
1693 2697 1911 2754 progredi.

321 2782 427 2824 Cum
455 2783 715 2826 tantumdem
754 2783 921 2826 itineris
963 2785 1241 2838 confecisset,
1278 2785 1391 2827 Sura
1431 2784 1653 2841 pervenit:
1691 2797 1802 2840 quae
1837 2783 1940 2825 urbs
1970 2781 2025 2825 ad

205 2840 470 2895 Euphratem
502 2846 567 2882 est
595 2841 695 2883 sita.
753 2842 816 2883 Ac
849 2841 1037 2896 proxime
1074 2844 1189 2885 forte
1229 2842 1504 2892 constiterat,
1547 2856 1640 2883 cum
1671 2854 1830 2896 equus,
1859 2839 1929 2882 cui
1958 2839 2036 2894 in-K
2160 2872 2162 2874 -

203 2897 397 2950 sidebat,
430 2897 593 2939 hinnitu
621 2897 763 2949 edito,
794 2898 925 2940 solum
959 2900 1070 2955 pede
1100 2899 1279 2955 plausit:
1323 2899 1435 2956 quod
1463 2899 1585 2954 Magi
1615 2897 1861 2940 coniectura
1889 2896 2023 2938 inter·
2145 2894 2174 2957 (ζ

203 2953 389 3010 ρῑθωῐί,
418 2955 562 2996 urbem
592 2961 760 3011 captum
790 2953 844 2996 iri
875 2957 1226 3011 pronuntiarunt:
1263 2963 1350 2999 turn
1379 2956 1474 2998 Rex
1501 2955 1654 2998 castris
1684 2953 1857 3011 positis,
1897 2967 2023 2995 exer-

204 3012 335 3052 citum
363 3011 418 3052 ad
449 3025 588 3053 muros
619 3013 925 3068 oppugnandos
965 3013 1188 3068 promovit.
1247 3014 1351 3057 Mox
1390 3012 1596 3069 praesidii
1624 3011 1864 3067 praefectus
1892 3012 2024 3052 Arsa-
2143 3037 2178 3078 *5⁴

205 3081 276 3109 ces
294 3099 307 3119 ‚
348 3067 517 3110 natione
546 3069 790 3119 Armenius,
831 3069 1033 3112 militibus
1061 3071 1115 3113 ad
1146 3085 1354 3114 murorum
1381 3070 1531 3126 pinnas
1566 3068 1690 3111 iussis
1720 3067 2021 3118 conscendere,

199 3125 299 3167 inde
328 3125 558 3167 fortissime
587 3125 854 3182 depugnans,
885 3140 967 3168 non
996 3128 1086 3169 sine
1115 3128 1294 3170 hostium
1322 3135 1483 3182 strage,
1515 3126 1676 3181 sagitta.
1704 3123 1816 3166 ictus
1842 3123 2021 3166 interiit.

196 3181 288 3224 Iam
314 3181 403 3224 diei
431 3195 587 3237 vesper
624 3183 802 3231 aderat,
843 3182 1028 3238 ideoque
1070 3185 1115 3227 in
1144 3192 1288 3227 castra
1323 3189 1578 3239 receperunt
1605 3195 1652 3224 se
1691 3181 1877 3233 Persae,
1907 3180 2022 3223 inte-

198 3238 366 3292 araturi
418 3238 627 3296 postridie
675 3240 1046 3296 oppugnationem.
1105 3242 1274 3284 Interea
1320 3238 1527 3291 Romani,
1569 3252 1744 3296 quorum
1783 3251 1882 3295 spes
1928 3251 2022 3280 cum

198 3296 319 3338 Duce
359 3296 599 3347 occiderat,
641 3297 696 3339 ad
738 3297 965 3339 Chosroem
994 3297 1115 3340 adire
1157 3297 1366 3355 supplices
1395 3297 1654 3352 cogitabant.
1713 3294 1923 3351 Sequenti
1949 3293 2020 3337 die

198 3367 319 3395 suum
361 3352 617 3409 Episcopum
662 3353 900 3407 allegarunt
939 3354 1129 3397 civitatis
1167 3355 1506 3413 deprecatorem:
1547 3352 1620 3408 qui
1659 3351 1861 3395 ministris
1900 3365 2021 3404 aves,

199 3411 342 3453 vinum
381 3425 432 3453 ac
472 3409 757 3465 similagineos
803 3424 934 3466 panes
975 3411 1208 3453 ferentibus
1247 3411 1498 3458 comitatus,
1538 3409 1612 3452 ubi
1651 3409 1770 3452 venit
1796 3409 1850 3452 ad
1880 3409 2020 3450 chos-

202 3482 341 3520 roem,
383 3468 495 3511 humi
539 3482 635 3511 sese
685 3467 889 3511 abiiciens
927 3468 1247 3526 lacrymansque
1285 3465 1571 3526 supplicavit,
1610 3472 1811 3525 parceret
1846 3464 2020 3509 misellis
