2254 3814
308 141 431 202 478
1056 142 1391 224 rssocopn

310 285 498 357 ἥκομεν
519 327 537 352 ,
593 288 852 351 δυσμενεῖς
890 279 1095 347 εῗκότως
1139 292 1248 346 τοῖς
1293 281 1452 337 πάλαι
1502 279 1762 354 φιλτάτοις
1805 286 2128 356 γεγενημένοι.

249 379 288 421 D
320 370 466 444 φύσει
487 372 580 439 μὲν
608 370 706 439 γὰρ
734 369 932 430 οὗδένες
956 375 1058 422 τῶν
1081 366 1286 423 πάντων
1310 366 1602 439 ἀνθρώπων
1625 372 1816 432 οῗκείως
1842 371 1904 423 ἂν
1930 370 1958 439 ἢ
1988 373 2133 425 ἐναν-

310 460 429 518 τίως
467 452 706 523 ἀλλήλοις
744 453 900 522 ἔχοιεν
913 495 930 519 ,
978 455 1032 507 αἶ
1069 457 1125 508 δὲ
1149 452 1352 526 πράξεις
1380 452 1606 510 ἑκάστων
1632 454 1665 523 ἢ
1691 461 1762 529 τῷ
1788 453 2058 530 ὅμοτρόπῳ
2082 458 2134 519 ἐς

306 541 600 608 ,ξυμμαχίαν
639 537 987 593 συνάπτουσαι
1022 538 1054 608 ἢ
1091 545 1164 613 τῷ
1200 537 1558 594 διαλλάσσοντι
1601 546 1695 608 τῆς
1741 538 1946 611 γνώμης
1984 543 2035 603 ἒς
2072 543 2132 595 τὸ

312 626 552 692 δυσμενὲς
577 626 923 695 διακρίνουσαι
946 627 1142 696 φίλους,
1185 624 1248 678 ἂν
1271 623 1405 679 οὕτω
1431 623 1592 693 τύχοι,
1621 625 1653 694 ἢ
1677 627 1950 695 πολεμίους
1976 623 2174 696 ἄλλη-5

312 716 434 772 λους
457 715 702 765 ποιοῦσιν.
789 707 859 771 ὥς
892 711 986 778 μὲν
1016 704 1106 763 οὗν
1142 710 1230 763 ἐπ’
1262 708 1573 781 ἀνθρώπους
1598 710 1834 774 ἀνοσίους
1853 734 1907 766 τε
1930 714 2013 765 καὶ
2038 734 2136 766 πο·-

314 797 518 864 λεμίους
543 791 882 866 στρατείομεν
894 837 910 861 ,
958 796 1142 858 ἱκανῶς
1168 794 1362 864 ἔχομεν,
1404 794 1474 858 ὥς
1496 797 1551 850 δὲ
1581 799 2023 868 καταφρονεῖσθαί
2041 799 2136 852 εἶσι

312 881 440 952 παρ’
474 878 621 950 ἡμῶν
648 880 805 947 ἄξιοι,
853 881 949 951 ἐγὼ
980 879 1213 950 δηλώσω.
1270 881 1444 950 ὅμιλος
1467 881 1564 952 γὰρ
1589 881 1879 952 ἀνθρώπων
1903 882 1962 936 οὗ
1995 880 2138 956 νόμῳ

309 964 609 1032 ξυνιόντων,
657 965 776 1018 ἀλλ’
818 966 872 1018 ἐκ
902 973 995 1020 τοῦ
1030 966 1208 1021 ἀδίκου
1254 967 1631 1038 ξυνειλεγμὲνων
1665 968 2139 1039 ἀνδραγαθίζεσθαι

308 1051 491 1120 ἥκιστα
530 1051 777 1122 πέφυκεν,
825 1051 1067 1118 οὐδαμῶς
1105 1058 1196 1121 τῆς
1235 1052 1418 1123 ἀρετῆς
1453 1058 1526 1126 τῷ
1563 1051 1844 1128 παρανόμῳ
1868 1055 2130 1118 ξυνοικίζε-
2151 1057 2207 1100 10

311 1144 439 1191 σθαι
458 1137 769 1206 δυναμένης,
813 1135 931 1189 ἀλλ’
958 1137 1034 1190 ἀεὶ
1059 1143 1161 1190 τῶν
1190 1137 1284 1205 οὐχ
1316 1135 1469 1192 ὁσίων
1496 1137 1860 1208 ἀᾳισταμένης.
1945 1138 2004 1192 οὗ
2033 1138 2137 1207 μὴν

137 1227 174 1270 Ρ
204 1226 288 1272 274
317 1223 434 1277 οὐδὲ
461 1223 555 1291 τὴν
573 1222 852 1293 ,εὐκοσμίαν
876 1219 1191 1293 φυλάξουσιν
1218 1223 1338 1276 οὐδὲ
1376 1228 1480 1276 τῶν
1498 1219 1600 1276 ὕπὸ
1629 1220 1828 1289 Στότζα
1853 1229 2139 1294 παραγγελ-

311 1308 537 1376 λομένων
561 1304 853 1360 ἀκούσουσι.
922 1310 1198 1377 τυραννίδα
1221 1308 1320 1378 γὰρ
1345 1307 1462 1378 ι’ίρτι
1484 1310 1866 1379 καθισταμένην
1891 1312 1973 1363 καὶ
1997 1307 2138 1363 οὔπω

312 1394 405 1462 τὴν
431 1397 523 1446 τοῦ
564 1398 780 1462 θαρσεῖν
812 1393 1045 1455 ἐξουσίαν
1080 1398 1345 1462 λαβοῦσαν
1376 1391 1737 1465 ὑπερορᾶσθαι
1764 1395 1894 1465 πρὸς
1918 1400 2020 1449 τῶν
2043 1394 2138 1465 ἆρ-

307 1478 539 1548 χομένων
574 1474 783 1547 ἀνάγκη.
874 1477 989 1533 οὔτε
1025 1478 1122 1549 γὰρ
1163 1479 1332 1554 εὐνοίᾳ
1382 1482 1672 1548 τετίμηται,
1733 1481 1835 1534 ἐπεὶ
1872 1479 2136 1549 μισεῖσθαι
2152 1483 2206 1528 15

309 1563 343 1633 ἦ
377 1565 616 1629 τυραννὶς
656 1564 904 1635 πέφυκεν,
962 1563 1079 1619 οὕτε
1112 1562 1262 1638 φόβῳ
1297 1564 1402 1635 ἄγει
1435 1565 1556 1627 τοίς
1577 1562 1864 1634 ὖπηκόους·
1909 1566 2139 1637 ἀφείλετο

309 1649 408 1720 γὰρ
437 1649 595 1718 αὐτῆς
615 1649 708 1717 τὴν
731 1651 1023 1720 παρρησίαν
1048 1649 1107 1704 τὸ
1135 1651 1364 1710 δεδιέναι.
1454 1650 1636 1720 ἀρετῆς
1662 1652 1718 1705 δὲ
1752 1653 1836 1705 καὶ
1872 1651 2143 1720 εὐκοσμίας

311 1735 744 1802 ἀπολελειμμένων
768 1741 872 1788 τῶν
897 1738 1149 1804 πολεμίων
1169 1734 1436 1805 ἡσσᾶσθαι
1457 1734 1740 1809 πρόχειρον.
1822 1742 1995 1810 πολλῷ
2029 1737 2138 1790 τοί-

306 1843 429 1887 νυν,
477 1819 598 1891 ὅπερ
621 1818 759 1875 εἷπον
770 1862 786 1886 ,
830 1827 906 1894 τῷ
929 1819 1354 1893 καταφρονήματι
1377 1823 1455 1875 ἐπὶ
1476 1819 1660 1877 τούσδε
1683 1820 1819 1891 ὑμᾶς
1839 1822 1960 1885 τοὺς
1983 1827 2137 1876 πολε-

306 1907 456 1974 μίους
485 1906 611 1959 ἴέναι
633 1903 892 1975 προσήκει.
983 1907 1043 1961 οὗ
1069 1907 1166 1978 γὰρ
1190 1913 1263 1980 τῷ
1285 1905 1473 1977 πλήθει
1502 1912 1606 1963 τῶν
1630 1907 1958 1977 μαχομένων,
2003 1907 2135 1961 ἀλλὰ
2148 1915 2206 1959 20

303 1989 439 2055 τάξει
459 2012 512 2044 τε
538 1993 621 2044 καὶ
647 1991 854 2066 ἀνδρείᾳ
877 1997 1016 2062 φιλεῖ
1031 1995 1416 2064 διαμετρεῖσθαι
1439 1993 1498 2047 τὸ
1521 1999 1614 2047 τοῦ
1641 1994 1863 2062 πολέμου
1890 1989 2137 2064 κράτος.“

116 2082 162 2124 H
193 2079 276 2126 146
309 2115 312 2117 Α
482 2074 775 2146 Βελισάριος
808 2077 901 2144 μὲν
927 2084 1156 2132 τοσαῦτα
1177 2076 1444 2150 παρῄνεσε.
1529 2081 1612 2133 καὶ
1638 2076 1865 2144 Στότζας
1899 2080 1955 2132 δὲ
1978 2099 2135 2147 παρε-

237 2168 276 2211 Β
306 2159 577 2216 κελεύσατο
616 2154 714 2215 ὧδε
749 2161 991 2234 ,,’Άνδρες
1005 2204 1022 2230 ,
1070 2164 1128 2217 οἳ
1147 2163 1236 2227 ξῦν
1263 2163 1376 2233 ἐμοὶ
1401 2169 1494 2235 τῆς
1521 2165 1574 2228 ἐς
1591 2162 1872 2234 Ῥωμαίους
1905 2166 2135 2226 δουλείας

414 2299 484 2344 21.
515 2294 738 2357 ἀνδρείᾳ]
769 2298 911 2356 Vulgo
941 2296 1111 2358 ἀνδρίᾳ
1136 2298 1208 2344 hic
1236 2302 1282 2344 et
1307 2300 1435 2345 infra.

307 2413 468 2456 Eorum
504 2413 638 2456 vicem
679 2414 770 2456 iam
807 2415 946 2457 ultum
987 2414 1124 2468 imus,
1175 2415 1270 2458 iure
1306 2413 1470 2457 inimici
1506 2413 1773 2457 amicissimis
1811 2415 1923 2458 olim.
1982 2414 2132 2470 Neque

305 2472 418 2513 enim
445 2478 607 2514 natura
646 2478 840 2514 mutuam
869 2471 1108 2514 hominibus
1147 2474 1217 2514 vel
1246 2473 1483 2515 amicitiam
1523 2474 1592 2515 vel
1619 2473 1878 2515 simultatem
1916 2472 2131 2528 ingenuit,

306 2542 454 2570 verum
482 2531 683 2584 cuiusque
703 2533 861 2583 facta,
892 2530 995 2571 dum
1036 2530 1202 2572 animos
1229 2531 1299 2572 vel
1332 2531 1570 2573 studiorum
1598 2531 1876 2573 similitudine
1915 2531 2131 2584 copulant,

303 2587 374 2627 vel
403 2586 748 2629 dissimilitudine
777 2588 1048 2640 distrahunt,
1091 2588 1204 2630 inter
1231 2601 1277 2629 se
1304 2589 1373 2630 vel
1402 2588 1583 2640 amicos,
1616 2589 1656 2630 si
1683 2589 1749 2630 ita
1777 2587 2030 2643 contigerit,
2061 2587 2131 2632 vel

303 2643 445 2684 hostes
471 2644 670 2686 reddunt.
729 2646 792 2686 Ac
830 2646 938 2687 satis
980 2645 1150 2700 quidem
1187 2645 1297 2687 illud
1333 2651 1550 2697 tenemus,
1591 2645 1745 2687 bellum
1772 2646 1890 2686 nobis
1918 2657 2006 2686 esse
2035 2658 2131 2685 cum

303 2700 447 2754 impiis
476 2715 527 2742 ac
553 2702 870 2756 perduellibus.-
910 2717 1047 2754 nunc,
1089 2716 1219 2758 quam
1254 2703 1375 2745 nobis
1415 2703 1709 2745 contemnendi
1745 2703 1856 2751 sint,
1888 2701 2127 2744 declarabo.

303 2757 379 2799 Ita
405 2766 698 2814 comparatum
738 2765 826 2814 est,
870 2765 920 2803 ut
959 2760 1176 2802 hominum
1204 2761 1332 2804 turba
1371 2775 1455 2802 non
1494 2761 1620 2816 lege,
1663 2759 1739 2802 sed
1766 2760 1920 2802 scelere
1949 2773 2128 2815 congre-

300 2821 442 2872 gata,
480 2816 589 2857 nihil
623 2817 805 2870 sortiter
843 2823 1000 2873 gerat,
1036 2825 1269 2873 propterea
1306 2819 1419 2874 quod
1438 2818 1655 2872 fortitudo
1692 2818 1890 2859 habitare
1918 2830 2011 2858 cum
2040 2817 2127 2857 im-

297 2873 515 2927 probitate
542 2887 626 2914 non
652 2879 809 2928 potest,
839 2889 976 2930 neque
1004 2877 1138 2917 ullum
1168 2875 1299 2919 habet
1327 2876 1621 2918 commercium
1650 2889 1743 2917 cum
1762 2873 1970 2930 flagitiis.
2027 2873 2126 2915 Huc

303 2930 477 2972 accedet
505 2944 672 2972 summa
711 2932 825 2974 inter
865 2933 960 2974 illos
996 2933 1214 2986 confusio,
1253 2939 1296 2976 et
1332 2933 1635 2975 mandatorum
1666 2933 1822 2975 Stozae
1850 2936 2126 2986 contemptus.

301 2987 485 3030 Necesse
514 2989 625 3029 enim
655 2995 716 3031 est
743 2996 973 3044 spernatur
1002 3005 1031 3031 a
1059 2991 1240 3033 subditis
1260 2996 1411 3034 tenera
1441 2990 1583 3032 adhuc
1611 2989 1828 3044 tyrannis,
1866 2987 2046 3029 necdum
2062 2989 2127 3041 fi-

302 3044 453 3087 denter
490 3041 732 3100 imperandi
771 3048 1072 3090 auctoritatem
1097 3049 1285 3102 adepta.-
1324 3047 1665 3104 quandoquidem
1693 3060 1771 3088 nec
1799 3046 1952 3101 gratia
1992 3047 2125 3098 valet,

301 3116 398 3144 cum
422 3115 502 3157 per
541 3117 585 3144 se
613 3105 807 3156 tyrannis
835 3104 975 3145 invisa
1003 3106 1084 3155 sit,
1125 3119 1202 3147 nec
1231 3111 1348 3147 metu
1376 3105 1564 3147 subditos
1591 3104 1730 3158 regit,
1773 3117 1866 3144 cum
1896 3104 1991 3157 ipsa
2016 3115 2126 3157 prae

300 3166 418 3202 metu
460 3159 588 3202 libere
626 3161 744 3215 loqui
779 3162 954 3203 nesciat.
1016 3163 1148 3203 Porro
1190 3163 1340 3217 quibus
1381 3162 1532 3204 desunt
1564 3161 1772 3214 fortitudo
1803 3175 1854 3202 ac
1884 3161 2123 3214 disciplina,

299 3217 524 3259 victoriam
552 3218 586 3259 ii
604 3218 785 3271 facilem
813 3219 1006 3272 offerunt.
1063 3219 1216 3274 Itaque
1253 3233 1328 3261 vos
1368 3231 1601 3274 generoso,
1643 3224 1693 3260 ut
1735 3218 1853 3269 dixi,
1883 3224 2124 3272 contemptu

300 3274 431 3317 hostis
455 3280 637 3326 erectos,
666 3275 713 3317 in
741 3289 836 3317 eum
865 3276 1024 3317 vadere
1053 3276 1200 3327 decet,
1227 3290 1279 3317 ac
1307 3275 1569 3326 meminisse,
1597 3276 1780 3330 potiores
1810 3276 1855 3316 in
1884 3275 1989 3316 bello
2014 3287 2124 3330 par-

301 3337 367 3376 tes
383 3337 496 3374 recto
526 3332 673 3374 ordine
702 3346 753 3373 ac
781 3333 966 3383 virtute,
997 3346 1080 3373 non
1106 3333 1397 3388 pugnantium
1425 3346 1599 3374 numero
1628 3346 1717 3375 esse
1747 3333 1996 3375 metiendas.

418 3388 636 3432 Hactenus
668 3389 928 3432 Belisarius=
967 3388 1152 3431 vicissim
1192 3390 1350 3432 Stozas
1385 3389 1449 3432 ita
1487 3402 1584 3432 suos
1612 3390 1805 3433 hortatus
1846 3393 1923 3430 est.
1987 3387 2122 3430 Nemo

304 3451 520 3500 vestrum,
556 3461 582 3490 ο
609 3447 720 3504 viri,
761 3448 837 3503 qui
875 3460 1038 3490 mecum
1067 3447 1262 3490 Romano
1292 3447 1463 3491 servitio
1493 3447 1681 3502 exiistis,
1721 3449 1767 3490 in
1795 3453 1971 3488 mortem
1998 3459 2121 3488 ruere
