2254 3814
321 194 447 252 432
1074 196 1408 250 PROCOPII

319 338 463 393 σιλὲα
503 339 593 394 τὸν
623 337 808 408 με’γαν,
863 329 926 390 οὗ
958 335 1051 406 τὴν
1088 335 1287 392 εὔνοιαν
1322 334 1464 411 πόνῳ
1494 342 1667 412 πολλῷ
1701 333 2012 407 κτησάμενος
2035 335 2150 407 ἔχει.

322 427 486 479 καίτοι
530 430 639 485 πῶς
673 423 765 476 οὔκ
805 420 868 475 ι’ὶν
903 421 1006 475 ἀπὸ
1043 428 1135 476 τοῦ
1168 423 1492 493 ἀνθρωπείου
1515 420 1710 493 τρόπου
1735 432 1893 476 ποιεῖν
1925 421 2144 488 δόξαιτε,

322 513 366 564 εἴ
390 515 440 562 Γ
437 510 640 578 ελίμερα
657 509 751 575 μὲν
787 506 994 576 ἔναγχος
1019 507 1143 576 ἔχειν
1172 512 1490 578 ξυνεχωρεΐτε
1528 509 1586 562 τὸ
1615 505 1889 579 φρούριον,
1935 507 2150 575 βασιλέα

321 597 377 648 δὲ
402 594 489 647 τὸν
517 599 610 647 τοῦ
639 597 691 645 Γ
687 594 913 663 ελίμερος
937 590 1110 663 κίριον
1138 593 1474 664 ἀφαιρεῖσθαι
1496 594 1562 646 τὰ
1582 599 1675 647 τοῦ
1702 591 1890 647 δούλου
1915 590 2151 660 κτήματα

319 679 532 749 ἴγνωτες
568 677 642 747 μὴ
670 675 813 744 ὖμεΐς
831 699 915 747 γε,
964 673 1005 731 ὦ
1040 678 1322 745 βέλτιστοι·
1367 678 1490 733 ἀλλ’
1529 679 1865 746 ἐνθυμεῖσθε,
1913 675 1982 740 ὥς
2008 679 2193 748 φιλιά5

319 766 412 832 μὲν
446 766 613 826 αἰτίας
653 763 847 825 πολλὰς
884 760 1155 817 καλύπτειν
1189 765 1438 835 πέφυκεν,
1475 762 1642 834 ἔχθρα
1678 766 1734 818 δὲ
1762 763 1880 818 οὐδὲ
1903 769 2007 816 τῶν
2033 783 2153 830 σμι-

260 863 297 906 C
327 845 589 920 κροτάτων
625 845 955 917 ἀδικημάτων
992 848 1219 917 ἆνὲχεται
1236 891 1253 915 ,
1312 849 1443 903 ἀλλὰ
1479 851 1790 920 διερευνᾶται
1829 850 1922 918 μὲν
1949 846 2153 901 ἅπαντα

326 934 557 1000 ἄνωθεν,
605 933 666 987 οὗ
699 939 911 1007 περιορᾷ
950 935 1005 987 δὲ
1036 939 1383 998 πλουτοῦντας
1424 943 1532 996 τοῖς
1570 957 1623 1004 γε
1658 934 1806 988 οὐδὲν
1839 931 2154 1003 προσήκουσι

324 1022 446 1083 τούς
474 1020 758 1083 πολεμίους.
851 1018 957 1073 εἶτα
994 1017 1210 1088 μάχεται
1242 1018 1368 1092 ὑπὲρ
1405 1014 1474 1075 ὧν
1499 1019 1620 1082 τοὺς
1659 1016 1938 1091 προγόνους
1975 1017 2154 1086 ἠδικῆ-

325 1108 463 1160 σθαί
498 1122 652 1177 φησι·
713 1107 796 1158 καὶ
828 1103 891 1172 ἢν
937 1106 1030 1172 μὲν
1070 1112 1245 1176 σφαλῇ
1281 1107 1333 1158 ἐν
1369 1112 1440 1179 τῷ
1479 1102 1725 1177 κινδύνῳ,
1787 1103 2015 1158 ἀπώλεσε
2051 1108 2153 1156 τῶν
2171 1120 2226 1162 10

326 1189 661 1259 ὑπαρχόντων
700 1190 880 1255 οὐδὲν,
926 1185 1283 1261 εὖημερῆσασα
1316 1192 1371 1244 δὲ
1411 1187 1826 1258 μεταμανθάνειν
1865 1197 2002 1242 ποιεῖ’
2034 1188 2157 1251 τούς

326 1275 647 1346 ἧσσημὲνους
670 1275 728 1329 τὸ
756 1273 1067 1344 σύγγνωμον.
1134 1273 1277 1342 ὖμεΐς
1305 1270 1396 1328 οὖν
1419 1273 1548 1344 μήτε
1573 1271 1794 1344 δράσητε
1819 1272 1957 1344 ἡμᾶς
1978 1295 2157 1343 περαι-

327 1363 457 1432 τέρω
491 1361 647 1415 κακὸν
679 1357 808 1428 μήτε
842 1359 986 1413 αὐτοὶ
1021 1357 1226 1430 πάθητε
1249 1402 1266 1427 ,
1321 1362 1454 1430 μηδὲ
1488 1361 1728 1427 πολέμιον
1771 1357 2157 1430 κατεργάσησθε

326 1453 401 1521 τῷ
434 1451 472 1500 Ι
473 1445 656 1501 ’ότθων
678 1446 802 1515 γένει
827 1446 1044 1513 βασιλέα
1071 1445 1160 1499 τὸν
1183 1447 1369 1516 μέγαν,
1415 1445 1473 1500 ὃν
1487 1447 1636 1500 ἰ’λεων
1661 1443 1780 1512 ὖμΐν
1807 1443 1932 1498 εἶναι
1961 1446 2013 1497 ἐν
2037 1444 2158 1516 εὐχῇ

327 1536 478 1587 ἔστιν.
567 1526 621 1585 εὗ
646 1531 742 1602 γὰρ
765 1531 871 1584 ἴστε
899 1529 968 1594 ὥς
1001 1533 1152 1584 τοῦδε
1179 1532 1629 1600 μεταποιουμένοις
1650 1527 1769 1598 ὖμῖν
1787 1536 1879 1585 τοῦ
1905 1531 2156 1602 φρουρίου
2174 1543 2227 1589 15

329 1617 353 1672 ἶ
386 1615 606 1685 πόλεμος
645 1618 697 1670 ἓν
723 1619 871 1670 ποσὶν
910 1615 1051 1671 ἔσται
1075 1616 1169 1686 οὐχ
1200 1615 1327 1688 ὑπὲρ
1350 1623 1443 1671 τοῦ
1464 1619 1761 1685 Λιλυβαίου
1799 1613 1987 1684 μόνον,
2036 1613 2157 1668 ἀλλ’

259 1711 298 1755 D
329 1702 456 1775 ὑπὲρ
508 1699 750 1756 ἁπάντων
778 1743 795 1768 ,
866 1695 937 1755 ὧν
989 1702 1135 1756 οὐδὲν
1182 1708 1443 1774 προσῆκον
1494 1701 1615 1771 ὖμῖν
1663 1700 1769 1756 εἶτα
1826 1700 2160 1769 ἀντέχεσθε.“

307 1795 556 1863 ,τοσαῦτα
580 1789 674 1856 μὲν
698 1786 730 1856 ἦ
758 1787 993 1856 ἐπιστολὴ
1022 1785 1223 1856 ἐδήλου.
1312 1793 1363 1842 Γ
1360 1786 1510 1843 ότθοι
1535 1790 1592 1843 δὲ
1615 1784 1891 1858 ἀνήνεγκάν
1914 1808 1967 1840 τε
1993 1791 2159 1839 ταῦτα

325 1875 376 1939 ἔς
396 1881 488 1929 τοῦ
511 1875 844 1943 Ἀταλαρίχου
879 1873 974 1943 τὴν
1006 1875 1205 1944 μητέρα
1249 1876 1331 1928 καὶ
1367 1874 1497 1944 πρὸς
1532 1879 1624 1944 τῆς
1658 1872 1905 1950 γυναικὸς
1929 1873 2158 1925 ἐπιτετα-

324 1961 506 2032 γμένον
543 1961 716 2030 σφίσιν
757 1958 1087 2030 ἀπεκρίναντο
1127 1953 1225 2013 ὧδε
1282 1960 1414 2026 „Ta
1449 1957 1760 2029 γράμματα,
1807 1956 1841 2011 ἃ
1879 1957 2229 2028 γε’γραφας,Ξο

328 2045 502 2117 ἄριστε
538 2040 834 2113 Βελισάριε,
893 2045 1189 2115 παραίνεσιν
1223 2045 1317 2112 μὲν
1353 2045 1528 2114 ἀληθῆ
1567 2045 1705 2117 φέρει
1722 2087 1739 2111 ,
1793 2043 1845 2105 ἐς
1883 2043 2071 2106 ἄλλους
2106 2043 2161 2096 δὲ

326 2128 623 2204 ἀνθρώπων
645 2130 815 2195 τινὰς,
877 2129 970 2183 οὐκ
999 2132 1051 2192 ἐς
1086 2129 1208 2194 τούς
1250 2134 1301 2183 Γ
1298 2127 1493 2193 ότθους
1527 2128 1663 2199 ἡμᾶς
1685 2129 1926 2200 ἥκουσαν.
2016 2125 2160 2198 ἡμεῖς

444 2285 516 2329 17.
542 2279 789 2339 ἀντέχεσθε
817 2283 984 2328 ALPm.
1042 2279 1318 2340 ἀντέχεσθαι
1346 2283 1443 2329 ΗΡ.

329 2427 442 2470 quae
473 2412 660 2467 facitis,
702 2413 993 2466 alienissimo,
1034 2414 1240 2470 suscipiat
1267 2412 1515 2457 inimicitias
1543 2426 1732 2470 magnas
1757 2411 2016 2468 imperator,
2044 2410 2162 2452 cuius

331 2471 694 2523 benevolentiam,
740 2473 884 2514 labore
925 2477 1147 2527 captatam
1183 2474 1395 2528 plurimo,
1435 2473 1518 2514 sibi
1551 2473 1625 2514 ille
1668 2471 1880 2512 adiunxit.
1932 2469 2161 2510 Enimvero

331 2529 537 2584 quomodo
566 2544 651 2570 non
678 2529 880 2571 videatur
899 2533 1072 2583 sactum
1101 2537 1287 2572 vestrum
1317 2545 1345 2572 a
1374 2530 1557 2572 moribus
1586 2529 1802 2571 hominum
1832 2527 2085 2577 abhorrere,
2124 2526 2163 2568 si

328 2592 557 2642 postquam
599 2586 807 2628 Gelimeri
840 2600 922 2641 per
975 2600 1049 2628 vos
1086 2588 1206 2630 licuit
1259 2589 1482 2630 castellum
1522 2593 1670 2629 tenere
1706 2599 1864 2640 nuper,
1905 2588 2161 2640 Augustum,

330 2657 442 2684 nunc
476 2643 699 2686 Gelimeris
730 2644 974 2696 dominum,
1013 2645 1200 2699 spoliare
1227 2646 1390 2689 subditi
1423 2645 1684 2700 possessione
1710 2641 1884 2686 velitis?
1912 2642 1963 2684 Μ
1992 2641 2162 2697 quidem

329 2714 360 2743 a
388 2700 506 2742 vobis
546 2701 683 2752 absit,
724 2702 1064 2756 praeclarissimi
1099 2703 1206 2744 viri.-
1246 2703 1350 2759 quin
1386 2702 1463 2744 hoc
1495 2703 1640 2757 potius
1681 2701 1896 2758 cogitate,
1938 2713 2034 2742 eam
2074 2712 2163 2740 esse

331 2758 552 2800 amicitiae
579 2765 808 2811 naturam,
847 2765 896 2801 ut
921 2765 1104 2815 peccata
1133 2761 1271 2802 multa
1311 2760 1482 2803 obscure
1501 2762 1642 2814 ferat.
1703 2760 1862 2801 Contra
1889 2771 1989 2799 vero
2018 2755 2165 2798 inimi-

329 2815 435 2858 citia
463 2830 516 2858 ne
546 2816 780 2857 levissimas
816 2817 989 2871 quidem
1030 2818 1177 2873 culpas
1215 2818 1404 2869 tolerat,
1441 2819 1517 2860 sed
1544 2817 1784 2872 praeterita
1823 2815 1967 2858 omnia
1995 2819 2162 2855 scruta-

328 2878 427 2923 tur,
456 2887 592 2928 neque
621 2873 762 2915 hostes
788 2875 1062 2930 negligentia
1087 2876 1424 2930 praetermittit,
1453 2875 1595 2917 alieno
1625 2875 1797 2916 ditatos.
1856 2870 2020 2914 Deinde
2048 2871 2160 2912 iniu-

328 2931 468 2981 riam,
513 2944 640 2986 quam
668 2932 901 2974 maioribus
929 2933 1099 2975 illatam
1129 2933 1258 2984 dicit,
1299 2932 1431 2975 armis
1459 2932 1605 2975 ulcisci
1633 2933 1700 2975 ita
1729 2930 2015 2987 aggreditur,
2045 2934 2095 2970 ut
2122 2927 2161 2969 si

326 2987 490 3036 Martis
520 2988 619 3029 alea
647 2989 761 3031 male
789 2991 986 3041 cesserit,
1015 3004 1158 3032 eorum
1177 3021 1190 3044 ‚
1222 3004 1334 3046 quae
1361 2990 1512 3042 habet,
1538 2989 1647 3032 nihil
1674 2989 1872 3031 amittat:
1905 2986 1971 3027 sin
1999 2985 2162 3028 laetum

328 3045 529 3087 habuerit
559 3045 747 3096 exitum,
791 3047 924 3099 efficit
961 3053 1009 3090 ut
1046 3047 1151 3089 victi
1188 3049 1396 3101 praebere
1433 3061 1477 3089 sc
1505 3047 1669 3100 faciles
1706 3044 1937 3100 aliquando
1978 3043 2161 3086 discant.
2236 3047 2238 3051 '

331 3102 485 3157 Itaque
525 3103 615 3143 iam
643 3117 754 3144 nunc
795 3103 989 3146 absistite
1026 3105 1144 3146 vobis
1172 3106 1294 3146 iuxta
1323 3119 1375 3146 ac
1402 3105 1521 3146 nobis
1547 3105 1745 3156 officere,
1781 3116 1858 3143 nec
1892 3101 2063 3143 Gotthis
2089 3101 2162 3142 in-
2214 3139 2220 3146 ,

321 3162 498 3214 sensum
525 3160 694 3201 reddite
724 3160 1031 3213 Imperatorem
1057 3175 1279 3217 magnum,
1310 3176 1434 3217 quem
1456 3161 1692 3216 propitium
1710 3173 1874 3213 semper
1892 3158 2009 3199 vobis
2037 3164 2162 3213 opta-

330 3230 440 3259 mus.
499 3217 673 3259 Etenim
702 3218 896 3270 apprime
933 3218 1207 3273 intelligitis,
1251 3219 1290 3261 si
1319 3219 1434 3260 vobis
1462 3218 1683 3259 castellum
1711 3217 1788 3258 hoc
1817 3216 2161 3267 vendicaveritis,

333 3274 489 3317 bellum
516 3274 635 3316 ilicet
661 3275 821 3328 affore,
849 3288 930 3328 quo
959 3288 1043 3315 non
1071 3275 1321 3328 Lilybaeum
1350 3275 1496 3325 modo,
1535 3274 1612 3316 sed
1640 3274 1847 3329 quidquid
1876 3274 2007 3316 etiam
2036 3287 2162 3314 usur·
2233 3317 2235 3323 ⁴

330 3332 469 3388 pastis
499 3345 549 3374 ex
578 3332 744 3382 alieno,
777 3336 1033 3386 repetemus.
1089 3332 1209 3373 Haec
1250 3336 1346 3374 erat
1372 3332 1586 3374 literarum
1615 3331 1854 3373 sentent3a=
1899 3344 1984 3386 qua
2014 3329 2160 3372 Atala-

335 3388 415 3432 rici
446 3388 568 3431 matri
598 3387 820 3444 exposita,
861 3387 952 3430 eius
988 3387 1214 3438 mandato,
1254 3388 1298 3430 in
1339 3389 1453 3430 hunc
1492 3388 1658 3431 modum
1687 3388 1843 3430 Gotthi
1885 3386 2158 3442 rescripsere.

339 3447 535 3500 Epistola
562 3451 667 3499 tua,
708 3445 1073 3499 praestantissime
1114 3445 1324 3495 Belisari,
1371 3447 1702 3488 admonitionem
1744 3446 2058 3500 complectitur,
2085 3457 2160 3485 ve-

336 3518 434 3546 ram
463 3505 586 3548 illam
614 3503 811 3560 quidem,
847 3503 925 3546 sed
961 3503 1008 3545 in
1045 3502 1155 3547 alios
1183 3503 1436 3560 quospiam,
1472 3503 1647 3547 minime
1674 3517 1775 3546 vero
1801 3503 1848 3544 in
1876 3516 1951 3544 nos
1982 3501 2160 3544 Gotthos
