2254 3814
361 181 481 236 210
1119 178 1451 232 PROCOPII

360 318 555 392 νομένῳ
595 315 810 388 Χοσρόῃ
845 312 1093 386 ῥεύματός
1132 338 1288 389 φασιν
1327 317 1378 382 ἐς
1422 318 1481 373 τὸ
1533 314 1803 388 πρόσωπον
1849 315 2166 380 ἐπιπεσόντος

360 406 584 473 ἐπῆρθαι
608 404 699 470 τὴν
725 399 938 471 γνάθον.
1003 403 1082 456 διὸ
1121 404 1186 471 δὴ
1212 409 1304 472 τῆς
1325 406 1417 473 μὲν
1443 401 1633 465 πόλεως
1668 403 2046 471 ἀποπειρᾶσθαι
2075 403 2164 456 οὐ-

355 492 496 557 δαμῆ
533 487 714 555 ἤθελε,
759 490 974 538 Παῦλον
1011 489 1067 540 δὲ
1088 488 1294 556 πέμψας
1312 487 1553 560 χρήματα
1573 488 1904 556 Ἓδεσσηνούς
1928 487 2049 558 ᾔτει.
2117 489 2166 541 οἷ

353 575 408 626 δὲ
435 573 565 641 ἀμφὶ
591 577 655 641 τῇ
685 567 820 623 πόλει
847 572 940 637 μὲν
963 572 1173 625 δεδιέναι
1198 572 1629 645 ἣκισταὲφασκον
1645 614 1662 639 ,
1712 571 1848 634 ὅπως
1885 574 1940 624 δὲ
1963 571 2033 640 μὴ
2061 581 2167 633 τοῖς

349 659 554 724 χωρίοις
575 651 886 724 λυμήνηται,
933 654 1264 727 ὡμολόγησαν
1288 657 1380 712 δύο
1407 663 1604 728 χρυσοῦ
1638 655 1933 727 κεντηνάρια
1969 653 2208 710 δώσειν.5
2248 716 2254 733 Δ

352 742 434 794 καὶ
463 739 520 802 ὃς
541 737 606 792 τά
632 761 686 793 τε
701 737 944 809 χρήματα
970 741 1119 810 ἔλαβε
1145 745 1227 796 καὶ
1252 741 1527 797 διεσώσατο
1556 742 1620 795 τὰ
1643 743 1949 811 ξυγκείμενα.

287 825 325 867 C
522 821 601 894 ιγ’.
691 821 822 878 Τότε
857 828 940 878 καὶ
984 821 1260 898 γράμματα
1290 825 1506 898 Χοσρόῃ
1546 826 1785 894 βασιλεὺς
1814 825 2168 887 Ἰουστινιανός

348 907 598 979 ἴγραψεν,
656 909 948 964 ἐπιτελέσειν
982 910 1244 983 ὁμολογῶν
1283 910 1349 967 τά
1378 935 1431 966 τε
1470 911 1609 984 αἰτῷ
1645 913 1728 964 καὶ
1767 919 1873 973 τοῖς
1905 912 2169 982 πρέσβεσιν

347 994 481 1066 ἀμφὶ
518 999 581 1065 τῇ
618 991 789 1066 εῗρήνῃ
820 997 1124 1066 ξυγκείμενα.
1212 997 1340 1068 ἅπερ
1374 998 1475 1050 ἐπεὶ
1501 995 1526 1051 ὅ
1556 993 1801 1067 Χοσρόης
1827 995 2167 1064 ἀπενεχθέντα
2237 1007 2241 1009 ’

348 1077 447 1133 εῗδε
465 1119 483 1146 ,
529 1076 652 1141 τούς
675 1101 727 1132 τε
754 1077 981 1151 ὅμήρους
1007 1082 1170 1154 ἀφῆκε
1204 1087 1286 1136 καὶ
1322 1079 1701 1146 συνεσκευάζετο
1735 1082 1787 1143 ἐς
1818 1081 1911 1150 τὴν
1934 1080 2132 1151 ἄφοδον
2145 1122 2162 1146 ,
2183 1085 2237 1129 1⁰

349 1161 470 1226 τοῦς
510 1185 564 1217 τε
595 1164 888 1232 Ἀντιοχέων
928 1164 1282 1235 αἰχμαλώτους
1320 1166 1667 1220 ἀποδίδοσθαι
1703 1165 1934 1227 ἅπαντας
1965 1165 2165 1234 ἤθελεν.

348 1247 470 1318 ὅπερ
500 1248 787 1318 Ἐδεσσηνοὶ
827 1251 994 1319 ἐπειδὴ
1045 1251 1272 1318 ἔμαθον,
1331 1253 1628 1321 προθυμίαν
1667 1252 1975 1313 ἐπεδείξαντο
2013 1251 2171 1318 ἀκοῆς

348 1335 578 1403 κρείσσω.
665 1333 725 1387 οὐ
753 1333 848 1405 γὰρ
887 1329 950 1403 ἦν
992 1335 1155 1398 οὐδεὶς
1194 1335 1250 1398 ὃς
1284 1335 1342 1389 οὗ
1378 1335 1441 1389 τὰ
1481 1329 1641 1405 λῦτρα
1676 1333 1728 1388 ἐν
1764 1340 1836 1407 τῷ
1860 1335 1975 1407 ἱερῷ
2002 1335 2170 1407 φέρων
2247 1342 2254 1349 ”

283 1419 324 1463 D
351 1416 478 1489 ὑπὲρ
511 1414 708 1472 τούτων
747 1418 811 1485 δὴ
851 1424 953 1472 τῶν
996 1419 1331 1489 αι’χμαλώτων
1357 1419 1488 1474 κατὰ
1512 1419 1660 1490 λόγον
1691 1424 1783 1488 τῆς
1816 1419 1994 1482 οὐσίας
2020 1420 2169 1473 κατέ·
2243 1426 2254 1471 ι’

349 1508 493 1556 θετο.
558 1504 650 1556 εἶσὶ
679 1503 733 1555 δὲ
759 1500 836 1565 οἷς
859 1506 941 1557 καὶ
964 1511 1162 1572 μᾶλλον
1194 1505 1223 1574 ἢ
1248 1505 1378 1560 κατὰ
1401 1501 1549 1575 λόγον
1569 1510 1734 1558 ταῦτα
1758 1502 2055 1575 ἐπράσσετο.
2115 1507 2254 1566 αἵ15,;

345 1608 400 1641 τε
422 1587 518 1657 γὰρ
544 1585 738 1657 ἑταῖραι
763 1587 853 1641 τὸν
881 1586 1071 1658 κόσμον
1095 1590 1392 1661 ἇφελοῦσαι,
1442 1589 1560 1653 ὅσος
1588 1589 1766 1652 αὐταῖς
1795 1591 1846 1642 ἐν
1874 1596 1946 1663 τῷ
1970 1587 2168 1658 σώματι
2239 1576 2254 1648 ,l

349 1666 444 1740 ἦν,
490 1673 721 1725 ἐνταῦθα
749 1674 1046 1744 ἐρρίπτουν,
1091 1678 1175 1728 καὶ
1211 1677 1263 1730 εἷ’
1291 1698 1364 1750 τῳ
1398 1681 1598 1748 γεωργῷ
1627 1674 1898 1743 ἐπίπλωνῆ
1929 1675 2169 1746 ἀργυρίου
2242 1650 2254 1735 l

347 1757 790 1822 σπανι’ζοντι’ὂ’νος
828 1758 859 1827 ἢ
898 1758 1176 1830 προβάτιον
1213 1756 1302 1829 ἦν,
1348 1767 1500 1815 τοῦτο
1543 1761 1607 1830 δὴ
1643 1761 1693 1823 ἐς
1728 1760 1785 1814 τὸ
1816 1760 1948 1830 ἱερὸν
1969 1764 2169 1832 σπουδῇ
2242 1749 2254 1783 ⁵

345 1834 508 1914 πολλῇ
533 1837 665 1912 ἦγεν.
730 1842 1021 1912 ἀθροίζεται
1052 1847 1144 1914 μὲν
1177 1842 1267 1899 οὖν
1298 1851 1496 1915 χρυσοῦ
1522 1867 1575 1899 τε
1611 1847 1693 1898 καὶ
1718 1843 1940 1914 ἀργύρου
1966 1849 2047 1898 καὶ
2076 1846 2168 1899 ἄλ·
2229 1835 2254 1931 ἡ

346 1931 449 1980 λων
473 1925 752 1997 χρημάτων
780 1926 1278 1998 πάμπολυπλῆθος,
1323 1932 1525 1984 δέδοται
1549 1931 1602 1983 δὲ
1625 1927 1750 1999 ὖπέρ
1777 1928 1975 1999 λύτρων
2000 1930 2164 1989 οὐδέν.
2181 1939 2254 1999 201

174 2011 206 2053 Ρ
239 2011 322 2055 120
349 2009 550 2081 Βοῦζης
587 2011 685 2082 γὰρ
722 2013 950 2067 ἐνταῦθα
979 2015 1154 2086 παρὼν
1186 2015 1379 2085 ἔτυχεν,
1419 2014 1476 2078 ὃς
1515 2018 1823 2069 διακωλῦσαι
1860 2015 1952 2085 τὴν
1986 2019 2168 2086 πρᾶξιν

346 2094 537 2165 ῦπέστη
551 2137 567 2160 ,
614 2097 790 2167 κέρδος
819 2099 866 2152 οἳ
903 2098 1112 2154 ἔσεσθαι
1134 2102 1260 2171 μέγα
1283 2123 1330 2154 τι
1366 2100 1571 2155 ἐνθένδε
1593 2102 1911 2171 καραδοκῶν.
1997 2100 2076 2155 διὸ
2102 2102 2165 2171 δὴ
2239 2133 2247 2141 ·

356 2179 383 2235 ὅ
409 2178 652 2252 Χοσρόης
672 2182 792 2245 τούς
816 2183 1170 2253 αῗχμαλώτους
1197 2185 1428 2249 ἅπαντας
1451 2183 1757 2256 ἐπαγόμενος
1778 2182 1952 2258 πρόσω
1977 2184 2164 2260 ἐχώρει.
2225 2202 2236 2215 ·

460 2318 533 2362 22.
561 2312 766 2375 ὑπέστη]
794 2313 1018 2385 ῦπήγε-Ιι.

349 2430 510 2474 vultum
539 2430 713 2474 humore
752 2431 902 2475 malam
945 2432 1196 2477 intumuisse
1233 2438 1482 2478 memorant.
1540 2434 1820 2485 Quamobrem
1850 2433 2004 2477 omisso
2032 2447 2169 2491 oppu-

347 2487 544 2544 gnandae
584 2489 700 2530 urbis
740 2489 943 2542 consilio,
987 2491 1216 2534 Edessenis
1256 2492 1475 2549 pecuniam
1514 2506 1594 2549 per
1621 2493 1797 2534 Paulum
1824 2491 2034 2548 imperare
2061 2492 2167 2535 satis

346 2545 514 2590 habuit.
570 2545 639 2586 Illi
679 2545 846 2601 quidem
885 2547 989 2590 nihil
1019 2563 1066 2591 se
1097 2549 1189 2591 urbi
1218 2549 1369 2593 timere
1397 2551 1638 2592 iactabant:
1681 2549 1755 2591 sed
1787 2564 1840 2591 ne
1868 2563 1996 2604 agros
2025 2554 2169 2592 vasta·
2238 2532 2254 2577 ί

347 2608 441 2650 ret,
484 2600 575 2642 auri
609 2604 747 2655 pondo
779 2617 846 2647 cc.
886 2605 999 2660 pacti
1030 2614 1142 2649 sunt.
1202 2607 1325 2658 Quae
1355 2621 1448 2649 cum
1479 2605 1741 2663 accepisset,
1784 2606 2004 2649 conventis
2031 2607 2167 2651 stetit.
2238 2615 2252 2659 ζ

465 2658 533 2701 13.
589 2659 683 2700 Ηοο
719 2659 814 2714 ipso
845 2666 1036 2717 tempore
1074 2663 1326 2707 Iustinianus
1355 2669 1466 2719 Aug.
1506 2662 1686 2706 Chosroi
1718 2677 1795 2719 per
1833 2663 1980 2706 literas
2012 2664 2170 2719 promi·
2246 2663 2254 2677 ‘

349 2712 409 2755 sit
447 2727 494 2755 se
530 2715 840 2759 conditionibus
877 2719 1219 2773 satisfacturum,
1257 2721 1408 2778 quibus
1441 2719 1515 2762 ille
1559 2726 1603 2762 et
1641 2720 1774 2775 legati
1814 2734 1962 2776 pacem
1991 2721 2170 2778 pepige-
2232 2714 2250 2772 ’,

349 2774 462 2812 rant.
524 2771 722 2814 Oblatam
767 2773 848 2816 sibi
891 2775 1111 2832 epistolam
1150 2778 1366 2821 Chosroes
1393 2777 1517 2820 simul
1546 2790 1596 2819 ac
1625 2777 1753 2832 legit,
1793 2777 1953 2820 dimisit
1981 2778 2167 2831 obsides,
2237 2781 2254 2813 κ’

349 2840 481 2882 seque
514 2827 570 2869 ad
609 2828 838 2872 discessum
880 2832 1079 2875 accinxit.
1138 2835 1430 2887 Cum,autem
1469 2834 1662 2890 captivos
1702 2848 1843 2876 omnes
1883 2835 2168 2878 Antiochenos
2235 2839 2238 2868 ἱ

348 2883 870 2940 venalesproposuisset,
910 2903 959 2931 re
1000 2890 1207 2935 Edesseni
1246 2891 1438 2948 cognita,
1479 2891 1815 2934 benevolentiam
1844 2891 1929 2933 illis
1959 2891 2168 2934 exhibue—

349 2944 452 2983 runt
478 2940 723 2987 inauditam.
781 2945 949 2988 Etenim
989 2961 1108 2990 nemo
1137 2955 1254 3004 erat,
1287 2950 1389 3003 quin
1419 2946 1622 3003 pretium,
1668 2963 1751 3003 quo
1781 2947 1824 2989 hi
1854 2947 2014 3002 captivi
2053 2949 2169 2990 redi-

349 3003 589 3050 merentur,
618 2999 662 3040 in
690 3001 889 3056 templum
920 3017 997 3059 pro
1026 3019 1075 3048 re
1103 3019 1181 3048 sua
1209 3007 1447 3049 conferret:
1487 3005 1610 3047 immo
1641 3018 1742 3046 vero
1772 3004 1889 3046 multi
1919 3004 2011 3059 plus
2041 3005 2165 3061 quarn

350 3066 430 3110 pro
461 3067 560 3096 suae
588 3055 787 3098 fortunae
812 3059 934 3101 modo
964 3063 1212 3116 erogabant.
1272 3061 1488 3119 Siquidem
1525 3060 1815 3107 meretriculae
1858 3061 2060 3117 quidquid
2089 3077 2167 3117 ge-
2238 3060 2246 3111 f

352 3110 527 3153 stabant
564 3112 706 3154 mundi
744 3115 958 3160 muliebris
1001 3125 1227 3173 exuentes,
1270 3120 1331 3162 ibi
1373 3117 1679 3176 proiiciebant3
1710 3131 1760 3159 ac
1789 3118 1920 3160 sicui
1949 3119 2166 3174 agricolae
2240 3138 2247 3166 ,⁵

357 3171 480 3210 curta
509 3168 579 3210 vel
607 3170 799 3226 supellex
836 3173 907 3214 vel
933 3177 1112 3230 pecunia
1156 3181 1271 3229 erat,
1312 3178 1348 3218 is
1378 3175 1472 3218 dum
1503 3175 1664 3216 asinum
1695 3180 1768 3216 aut
1797 3174 2002 3217 oviculam
2033 3177 2165 3219 habe·
2230 3224 2245 3234 Ἤ

355 3230 453 3275 ret,
495 3223 539 3266 in
568 3227 767 3282 templum
806 3228 912 3271 mira
954 3231 1179 3275 alacritate
1221 3234 1416 3276 ducebat.
1474 3230 1627 3287 Itaque
1665 3232 1756 3273 auri
1789 3236 1833 3274 et
1861 3232 2028 3287 argenti
2057 3233 2165 3275 alia-
2223 3237 2245 3263 ‘1‘

355 3295 532 3336 rumque
570 3296 708 3326 rerum
746 3284 812 3327 vis
850 3286 1001 3342 ingens
1043 3289 1218 3333 collecta
1255 3297 1346 3340 est3
1396 3288 1503 3330 nihil
1541 3295 1677 3330 tamen
1720 3303 1796 3344 pro
1837 3289 2020 3344 captivis
2048 3289 2165 3332 redi·
2220 3286 2246 3329 '⁴

354 3338 516 3381 mendis
556 3338 799 3395 impensum.
857 3344 969 3386 Nam
1010 3346 1171 3399 Buzes,
1211 3348 1282 3402 qui
1321 3347 1409 3388 illic
1447 3345 1619 3398 aderat,
1659 3345 1774 3388 lucro
1814 3345 2005 3397 inhians,
2048 3347 2163 3403 quod
2227 3351 2238 3381 ἴ

353 3395 455 3438 inde
483 3410 675 3452 magnum
705 3399 759 3440 ad
788 3413 835 3443 se
864 3402 1094 3444 rediturum
1125 3406 1330 3459 putabat,
1373 3405 1487 3460 pium
1527 3402 1742 3444 consilium
1770 3403 2053 3446 intervertere
2081 3418 2163 3446 non
2234 3398 2238 3414 ¹

356 3457 425 3495 est
452 3454 624 3498 veritus.
684 3455 831 3510 Quare
858 3457 1071 3504 chosroes
1097 3460 1291 3519 captivos
1319 3475 1459 3506 secum
1490 3473 1631 3502 omnes
1660 3461 1899 3514 abducens,
1942 3474 2071 3517 porro
2098 3461 2163 3504 ire
2230 3468 2241 3522 J
