2254 3814
322 181 446 238 250
1067 183 1401 238 PROCOPII

320 320 522 396 φύσεως
560 318 763 395 τρόπῳ,
808 319 843 390 ἢ
883 321 1270 392 ἐπιτηδεύμασιν
1281 366 1299 392 ,
1345 324 1378 394 ἢ
1415 323 1556 400 ἄλλῳ
1591 323 1693 399 ὅτῳ
1728 323 2021 397 ἀνθρώπων
2052 327 2146 382 ἀν-

318 414 523 480 θρωποι
544 407 896 477 διαφέρουσιν,
937 408 988 461 ἐν
1011 408 1176 481 ταύτῃ
1201 411 1264 480 δὴ
1291 416 1355 483 τῇ
1380 408 1516 484 νόσῳ
1554 411 1614 464 τὸ
1654 410 1963 466 διαλλάσσον
2000 413 2146 466 οὐδὲν
2218 404 2226 417 “

320 494 526 563 ὤνησεν.
613 492 866 560 ἐπέσκηψε
900 493 957 545 δὲ
994 503 1102 557 τοῖς
1138 497 1231 563 μὲν
1270 494 1380 572 ὥρᾳ
1412 497 1631 566 θέρους,
1677 505 1785 558 τοῖς
1826 499 1882 550 δὲ
1916 503 2142 566 χειμῶνι,

143 596 181 636 V
209 595 293 639 319
322 588 428 641 τοῖς
466 579 522 631 δὲ
562 577 691 630 κατὰ
726 577 847 640 τούς
874 577 1061 642 ἄλλους
1086 578 1308 652 καιρούς.
1395 582 1578 651 λεγέτω
1599 582 1692 648 μέν
1714 576 1804 635 οὗν
1834 581 1903 644 ὥς
1927 605 1997 652 πη
2029 583 2146 635 ἕκα-

254 682 292 724 Β
322 685 443 725 στος
466 665 576 734 περὶ
602 662 771 716 αὐτῶν
794 660 1019 732 γινώσκει
1046 668 1129 718 καὶ
1153 666 1401 737 σοφιστὴς
1425 669 1507 719 καὶ
1527 665 1926 737 μετεωρολόγος,
1971 668 2066 736 ἐγὼ
2092 669 2187 723 δέὅ

317 748 442 803 ὅθεν
481 769 535 801 τε
574 746 763 818 ἤρξατο
800 746 832 817 ἦ
859 746 1008 812 νόσος
1032 749 1123 819 ἥδε
1152 754 1236 805 καὶ
1259 749 1432 826 τρόπῳ
1457 751 1519 821 δὴ
1555 749 1658 826 ὅτῳ
1684 752 1807 816 τούς
1836 749 2150 824 ἀνθρώπους

316 835 601 906 διέφθειρεν
625 834 754 905 ε’ρῶν
778 832 1004 903 ἔρχομαι.

471 918 703 990 ’Ἠρξατο
741 920 834 987 μὲν
862 921 915 984 ἐξ
937 922 1236 992 Αἰγυπτίων
1278 921 1334 975 οἳ
1363 920 1584 996 ᾤκηνται
1618 920 1671 974 ἓν
1696 922 1996 994 Πηλουσίῳ.
2063 943 2151 992 γε-

313 1005 500 1074 νομένη
546 1005 601 1058 δὲ
643 1005 758 1073 δίχα
802 1005 873 1074 πὴ
911 1007 1003 1074 μὲν
1040 1008 1126 1060 ε’πί
1153 1028 1207 1060 τε
1226 1006 1603 1078 Ἀλεξανδρείας
1628 1010 1713 1060 καὶ
1742 1013 1833 1075 τῆς
1858 1007 2017 1076 ἄλλης
2042 1011 2148 1060 Αἶ-

311 1089 505 1161 γύπτου
549 1087 798 1161 ἐχώρησε,
846 1092 917 1159 πὴ
957 1093 1014 1145 δὲ
1048 1093 1127 1145 ἐπὶ
1152 1094 1535 1154 Παλαιστίνους
1555 1091 1676 1154 τοὺς
1696 1095 1999 1162 Αἰγυπτίοις
2022 1090 2148 1159 ὄμό-
2165 1108 2218 1149 10
2250 1125 2254 1153 ;

314 1198 437 1247 ρους
469 1171 658 1245 ἦλθεν,
702 1177 939 1230 ἐντεῦθέν
971 1199 1026 1231 τε
1064 1178 1311 1244 κατέλαβε
1348 1178 1443 1246 τὴν
1475 1182 1568 1247 γῆν
1604 1175 1911 1245 σύμπασαν,
1960 1176 2064 1251 dds?
2094 1199 2148 1231 τε

314 1261 393 1316 ἀεὶ
419 1267 670 1332 προϊοῦσα
696 1263 780 1314 καὶ
803 1260 1002 1332 χρόνοις
1026 1264 1309 1330 βαδίζουσα
1333 1271 1439 1324 τοῖς
1464 1259 1798 1331 καθήκουσιν.
1871 1265 1950 1316 ἐπὶ
1975 1263 2149 1334 ῥητοῖς

313 1347 413 1418 γὰρ
450 1345 608 1401 ἐδόκει
647 1354 829 1416 χωρεῖν
867 1349 949 1400 καὶ
981 1344 1169 1417 χρόνον
1206 1347 1392 1400 τακτὸν
1416 1349 1470 1400 ἐν
1491 1345 1639 1421 χώρᾳ
1667 1345 1854 1419 ἑκάστῃ
1881 1349 2148 1418 διατριβὴν

314 1431 443 1501 ἔχειν
458 1473 476 1499 ,
524 1433 575 1494 ἐς
611 1432 823 1494 οὐδένας
846 1433 940 1499 μὲν
966 1430 1259 1501 ἀνθρώπιον
1294 1433 1558 1503 παρέργως
1579 1438 1652 1505 τῷ
1677 1430 1866 1506 φθόρῳ
1889 1433 2144 1503 χρωμένη,

318 1517 689 1586 σκεδαννυμένη
730 1518 786 1570 δὲ
824 1517 911 1589 ἐφ’
954 1515 1166 1589 ἑκάτερα
1197 1518 1344 1588 μέχρι
1371 1519 1423 1581 ἒς
1446 1517 1539 1580 τὰς
1561 1522 1653 1586 τῆς
1676 1519 1972 1588 οῗκουμένης
1995 1520 2146 1587 ἐσχα-
2164 1531 2217 1574 15
2244 1584 2254 1601 .

254 1622 292 1665 c
320 1603 461 1669 τιάς,
516 1601 686 1668 ὥσπερ
721 1605 973 1657 δεδοικυῖα
1014 1601 1086 1671 μή
1127 1625 1204 1667 τις
1244 1603 1404 1671 αὐτὴν
1439 1608 1530 1672 τῆς
1566 1608 1657 1673 γῆς
1694 1603 1939 1657 διαλάθοι
1971 1602 2148 1672 μυχός.
2243 1604 2246 1614 ’

320 1689 437 1743 οὔτε
473 1688 570 1758 γὰρ
606 1685 762 1756 νῆσόν
799 1710 913 1742 τινα
949 1688 982 1759 ἢ
1026 1687 1277 1756 σπήλαιον
1305 1688 1336 1757 ἢ
1376 1682 1656 1760 ἀκρώρειαν
1700 1687 1891 1742 ἒλίπετο
1938 1687 2151 1759 ἀνθρώ-
2233 1705 2254 1758 1

318 1795 448 1836 πους
487 1772 758 1844 οἰκήτορας
792 1773 1038 1842 ἔχουσαν·
1082 1774 1144 1843 ἢν
1174 1776 1234 1828 δέ
1263 1772 1363 1828 πού
1401 1797 1515 1828 τινα
1540 1776 1624 1827 καὶ
1653 1772 1918 1844 παρήκατο
1948 1773 2145 1844 χώραν,
2218 1758 2254 1787 μ’

317 1859 351 1929 ἢ
374 1860 444 1928 μὴ
482 1857 736 1928 ψαύσασα
777 1866 880 1913 τῶν
908 1857 1070 1930 ταύτῃ
1095 1858 1439 1931 ἀνθρώπωνῆ
1466 1859 1780 1929 ἀμωσγέπως
1805 1859 1975 1923 αὐτῶν
2004 1857 2150 1926 ἁψα-

317 1947 443 2014 μένη
457 1986 473 2010 ,
520 1943 650 1997 ἀλλά
683 1942 852 2018 χρόνῳ
876 1951 947 2017 τῷ
972 1942 1169 2018 ὑστέρῳ
1196 1940 1352 2008 αὖθις
1374 1947 1604 1998 ἕνταῢθα
1628 1946 1906 1998 ἐπανιοῦσα
1930 1951 2033 1998 τῶν
2056 1946 2240 2013 μένΞΟᾸ,

316 2031 607 2101 περιοίκων,
651 2027 727 2092 οἷς
748 2030 812 2099 δὴ
835 2028 1116 2101 πικρότατα
1142 2031 1394 2100 ἐπέσκηψε
1422 2027 1700 2101 πρότερον,
1741 2030 1982 2098 οὐδαμῶς
2005 2029 2150 2100 ἣψα-
2223 2043 2239 2111 ἰ

316 2137 408 2180 το,
453 2121 544 2183 τῆς
581 2116 636 2168 δὲ
661 2113 837 2186 χώρας
864 2117 1051 2185 ἐκείνης
1075 2115 1135 2169 οὐ
1155 2114 1402 2187 πρότερον
1428 2115 1620 2184 ἀπέστη
1646 2116 1740 2178 ἕως
1764 2115 1822 2169 τὸ
1844 2115 2032 2186 μέτρον
2057 2115 2147 2186 ὀρ-

317 2206 432 2264 θῶς
455 2202 539 2254 καὶ
565 2203 771 2263 δικαίως
796 2206 900 2255 τῶν
933 2199 1358 2272 τετελευτηκότων
1382 2200 1663 2268 ἀπέδωκεν,
1713 2199 1883 2273 ὥσπερ
1919 2202 2004 2254 καὶ
2040 2209 2150 2263 τοῖς
2223 2194 2246 2226 ‘¹

428 2339 475 2382 2.
505 2337 562 2395 τῇ
588 2336 687 2380 add.
719 2336 769 2379 L.
904 2339 948 2381 9.
976 2337 1058 2393 τῆς
1087 2335 1185 2379 add.
1217 2335 1266 2380 L.
1398 2337 1454 2382 15
1497 2334 1582 2388 τοὶς
1610 2352 1691 2381 om.
1722 2336 1773 2379 L.
1900 2339 1968 2382 18.
1998 2335 2149 2394 παρή-

427 2397 560 2452 και-ο]
589 2393 824 2452 παρήκασε
846 2394 951 2437 AH:
976 2395 1081 2439 illud
1108 2395 1286 2439 HmLm.
1339 2390 1575 2452 παρήκατε
1602 2395 1654 2439 L.
1711 2395 1834 2438 Fort-
1861 2395 2049 2452 παρῆκε.
2227 2387 2236 2402 ’

319 2521 611 2574 habitatione,
640 2536 716 2566 seu
746 2522 844 2579 lege
866 2521 1034 2574 victus,
1063 2537 1139 2566 seu
1167 2521 1335 2574 indole,
1364 2536 1438 2566 seu
1469 2521 1645 2573 studiis,
1671 2522 1767 2565 sive
1796 2520 1880 2564 alia
1907 2519 2071 2564 demum
2100 2534 2150 2564 re

318 2579 517 2636 quapiam
557 2579 669 2622 inter
713 2594 762 2622 se
801 2580 1054 2631 differrent3
1092 2588 1301 2636 regnante
1330 2582 1408 2623 hac
1435 2580 1525 2632 lue,
1567 2579 1672 2622 nihil
1701 2579 1746 2622 id
1776 2578 1998 2621 discrimen
2026 2578 2150 2621 iuva-
2226 2579 2231 2614 ἶ

317 2638 408 2679 bat.
465 2638 608 2692 Atque
634 2638 710 2680 hos
739 2643 929 2690 aestate,
966 2637 1062 2680 illos
1091 2638 1254 2689 hieme,
1299 2637 1406 2680 alios
1438 2636 1532 2680 aliis
1560 2636 1720 2679 invasit
1747 2635 2022 2693 temporibus.
2082 2636 2149 2678 De

318 2695 387 2736 his
417 2708 543 2750 porro
573 2694 763 2750 sophista
791 2694 1003 2746 disserat,
1057 2695 1139 2737 hac
1168 2695 1412 2751 pronuntiet
1441 2693 1773 2749 meteorologus,
1816 2708 1894 2750 pro
1923 2707 1999 2736 suo
2029 2692 2148 2749 quis-

320 2766 404 2807 que
431 2765 580 2793 sensuz
612 2765 692 2805 ego
723 2766 826 2794 vero
858 2751 970 2794 uude
998 2753 1106 2796 haec
1135 2752 1379 2809 pestilentia
1407 2750 1623 2810 coeperit,
1651 2757 1697 2794 et
1725 2765 1809 2808 quo
1838 2752 1960 2794 modo
1989 2756 2150 2794 mortar—
2220 2747 2222 2751 ’

321 2808 384 2850 les
414 2808 672 2859 extinxerit,
700 2808 920 2851 declarare
951 2809 1193 2866 aggredior.

440 2865 503 2907 Ab
540 2865 767 2921 Aegyptiis
806 2872 901 2908 orta
939 2876 1029 2918 est,
1072 2866 1234 2910 Pelusii
1268 2866 1439 2909 incolis:
1481 2867 1595 2909 unde
1632 2865 1827 2909 bifariam
1867 2862 2030 2913 didita,
2069 2863 2148 2905 hac

323 2921 620 2965 Alexandriam
650 2930 696 2964 et
723 2922 929 2976 reliquam
961 2926 1203 2980 Aegyptum
1233 2924 1451 2981 pervasit3
1489 2924 1588 2966 illac
1614 2920 1659 2966 in
1690 2922 1974 2966 Palaestinam
2003 2923 2148 2975 Aegy-
2211 2936 2213 2941 ’

322 2985 399 3035 pto
430 2979 729 3022 conterminam
761 2979 940 3030 diffusa,
979 2980 1081 3022 inde
1108 2988 1247 3024 totum
1277 2981 1436 3023 Orbem
1477 2980 1731 3036 occupavit,
1772 2991 1938 3034 semper
1969 2991 2148 3033 progre-
2207 3016 2222 3032 >v

322 3036 445 3078 diens
482 3050 607 3078 cursu
651 3036 782 3078 certis
819 3037 1022 3092 temporis
1060 3038 1212 3093 spatiis
1252 3038 1444 3083 definito.
1501 3037 1672 3080 Etenim
1714 3045 1832 3078 certa
1873 3037 1967 3089 lege
1995 3048 2147 3091 proce-
2211 3036 2218 3044 '⁷

324 3094 456 3144 dere,
501 3100 740 3147 statumque
770 3093 929 3134 dierum
959 3093 1228 3137 intervallum
1255 3108 1512 3151 unaquaque
1540 3094 1584 3135 in
1612 3093 1786 3149 regione
1816 3091 1990 3147 exigere
2026 3092 2148 3132 vide-
2212 3144 2214 3150 y

321 3150 470 3201 batur,
499 3151 545 3191 in
574 3150 777 3192 neminem
808 3149 924 3191 virus
954 3151 1092 3193 obiter
1121 3165 1322 3202 exerens,
1363 3160 1409 3193 et
1437 3150 1537 3192 hinc
1564 3149 1664 3193 inde
1693 3151 1747 3192 ad
1777 3156 1983 3192 extremas
2015 3148 2148 3190 Orbis
2207 3163 2211 3200 .'

321 3220 420 3249 oras
449 3207 689 3258 dimanans,
720 3207 840 3262 quasi
871 3213 1121 3259 vereretur,
1155 3223 1210 3250 ne
1239 3222 1362 3264 quem
1390 3215 1602 3249 terrarum
1630 3209 1826 3262 angulum
1856 3221 1907 3248 ac
1935 3218 2147 3247 recessum
2197 3249 2208 3256 Η

323 3264 583 3321 praeteriret
611 3263 867 3318 imprudens.
926 3264 1035 3307 Nam
1065 3279 1202 3320 neque
1230 3264 1369 3307 insula
1396 3264 1507 3315 ulla,
1551 3278 1632 3307 nec
1658 3264 1891 3320 spelunca,
1918 3276 1997 3305 nec
2025 3268 2147 3304 uron-

324 3321 380 3363 tis
422 3315 628 3373 vertices
647 3321 720 3363 ubi
762 3321 905 3363 sedem
951 3321 1138 3363 homines
1176 3322 1407 3370 haberent,
1450 3321 1668 3364 abstinuit.
1756 3322 1807 3363 Si
1847 3333 1969 3375 quem
2006 3318 2144 3361 locum

323 3378 568 3429 transiluit,
598 3377 666 3420 vel
695 3377 888 3430 minime,
917 3378 988 3419 vel
1017 3379 1171 3420 leviter
1199 3377 1328 3420 tactis
1355 3377 1528 3428 incolis,
1563 3393 1613 3420 eo
1642 3377 1905 3435 postmodum
1932 3389 2144 3431 regressa,

324 3435 498 3485 vicinis,
542 3435 587 3478 in
620 3449 727 3490 quos
767 3441 893 3476 antea
933 3434 1225 3485 desaevierat,
1268 3435 1467 3486 intactis,
1509 3434 1610 3477 inde
1652 3450 1732 3477 non
1777 3433 1893 3492 prius
1932 3431 2144 3483 discessit,

325 3495 451 3549 quam
488 3492 643 3536 iustum
680 3506 893 3535 numerum
931 3492 1120 3550 explevit
1159 3493 1380 3545 funerum,
1421 3507 1499 3550 pro
1538 3493 1736 3550 portione
1764 3507 1815 3536 ac
1842 3490 1966 3534 modo
1995 3489 2146 3540 cladis,
2169 3525 2197 3559 ¹.
