2254 3814
235 488 273 532 B

115 1256 156 1296 V
190 1251 276 1297 384

236 1337 275 1385 C

298 159 421 220 408
1049 157 1384 214 PROCOPII

296 323 440 359 πασα
475 297 659 371 Λιβύη
695 301 780 355 καὶ
819 297 912 369 οὔχ
943 296 1127 369 ἥκιστα
1160 298 1290 369 αὖτὴ
1312 297 1632 369 Καρχηδὼν,
1680 295 1878 367 ἔχονται
1901 297 2000 368 ἤδη
2027 297 2130 352 ὗπό

295 395 400 445 τῶν
435 388 707 454 πολεμίων.
793 385 842 440 οἳ
869 385 924 438 δὲ
953 382 1240 454 κάθηνται,
1285 385 1346 438 τὸ
1370 384 1442 453 μὴ
1469 385 1520 438 ἐν
1544 391 1650 446 τοῖς
1676 381 1851 446 πόνοις
1874 383 2134 454 ἀνδραγα-

302 476 546 539 θίζεσθαι
585 473 782 525 παίδων
820 490 875 523 τε
915 472 1000 523 καὶ
1034 475 1287 540 γυναικῶν
1329 465 1762 535 ἀνταλλαξάμενοι
1802 470 1886 522 καὶ
1926 466 2132 522 πάντων

291 555 604 630 χρημάτων,
649 554 772 624 ’ἧμΐν
797 575 851 609 τε
877 553 1231 608 ἀπολέλειπται
1255 552 1415 623 μόνον
1441 554 1501 608 τὸ
1526 551 1765 622 Βούλλης
1789 554 1993 619 πεδίον,
2041 547 2133 606 οὗ-

294 665 387 714 περ
415 640 553 712 ἡμᾶς
575 638 608 709 ἦ
635 643 704 702 εἲς
724 638 862 708 ὑμᾶς
888 640 1026 703 ἐλπὶς
1054 642 1322 694 καθίσασα
1344 639 1508 710 εἷ’ργει.
1595 639 1728 692 ἀλλὰ
1765 638 1826 692 σὺ
1857 641 2174 706 τυραννίδα5

295 750 350 782 τε
390 729 476 782 καὶ
508 725 701 795 Σαρδὼ
739 727 824 778 καὶ
857 724 951 787 τὰς
985 726 1098 794 περὶ
1136 731 1304 779 ταῦτα
1334 725 1614 797 φροντίδας
1638 721 1794 787 ἐάσας
1816 722 1894 778 ὅτι
1920 721 2136 792 τάχιστα

295 815 449 866 παντὶ
486 816 560 885 τῷ
598 809 766 884 στόλῳ
807 809 859 872 ἔς
891 807 1026 879 ἡμᾶς
1062 805 1167 879 ἧκε.
1258 807 1335 872 οἷς
1368 810 1466 880 γὰρ
1502 807 1630 880 ὖπέρ
1656 814 1762 864 τῶν
1789 811 2078 880 κεφαλαίων
2106 807 2133 863 ὃ
2160 848 2164 851 -

295 899 545 963 κίνδυνος,
588 896 754 950 τᾶλλα
800 895 1249 966 ἀκριβολογεῖσθαι
1287 893 1624 998 ἀξύμφορον.
1692 900 1835 966 κοινῇ
1862 894 1999 948 δὲτὸ
2027 899 2137 947 λοι-

293 983 392 1037 πὸν
436 979 790 1052 ἀγωνιζόμενοι
831 981 962 1052 πρὸς
1014 981 1134 1043 τοὺς
1173 981 1505 1049 πολεμίους
1484 979 1518 1048 ἢ
1560 976 1719 1050 τύχην
1751 980 1846 1048 τὴν
1883 981 2137 1050 προτέραν

299 1063 714 1135 ἇνασωσόμεθα,
761 1065 794 1134 ἢ
844 1069 1185 1136 κερδανοῦμεν
1220 1066 1280 1120 τὸ
1317 1066 1390 1135 μὴ
1431 1061 1664 1134 ἀλλήλων
1684 1068 1843 1137 χωρις
1870 1066 1935 1120 τὰ
1961 1065 2014 1119 ἐκ
2043 1071 2134 1119 τοῦ
2152 1078 2206 1121 10

297 1154 563 1223 δαιμονίου
592 1154 800 1222 ἐνεγκεῖν
829 1148 1072 1206 δύσκολα.

477 1242 662 1291 Ταῦτα
699 1235 802 1289 ἐπεὶ
828 1233 1037 1301 Τζάζων
1061 1256 1116 1289 τε
1142 1231 1268 1288 ειδεν
1293 1232 1637 1303 απενεχθὲντα
1660 1235 1743 1288 και
1770 1235 1822 1298 ἒς
1848 1235 1970 1298 τοὺς
1995 1240 2140 1290 Bav-

305 1325 479 1385 δίλους
515 1320 770 1391 ἐξήνεγκεν
780 1361 798 1386 ,
839 1319 890 1382 ἕς
927 1342 980 1374 τε
1021 1320 1247 1390 οἰμωγὰς
1282 1321 1364 1372 καὶ
1394 1316 1697 1391 ὀλοφύρσεις
1719 1317 2027 1391 ἐτράποντο,
2075 1322 2136 1376 οὗ

294 1410 468 1480 μέντοι
510 1409 564 1460 ἐκ
601 1412 693 1460 τοῦ
723 1406 1012 1476 ἐμφανοῦς,
1050 1405 1170 1459 ἀλλ’
1203 1402 1272 1468 ὥς
1298 1404 1367 1458 εἰι
1391 1402 1618 1473 μάλιστα
1644 1403 2057 1478 εγκρυφιάζοντὲς
2083 1428 2137 1461 τε

297 1497 381 1549 καὶ
418 1492 542 1556 τοὺς
578 1487 833 1562 νησιώτας
858 1488 1235 1557 λανθάνοντες,
1280 1496 1447 1563 σιωπῇ
1471 1490 1559 1563 εφ’
1587 1488 1783 1546 ἑαυτῶν
1810 1491 1878 1546 τὰ
1904 1490 2135 1597 παρόντα
2152 1502 2229 1551 151

296 1580 471 1651 σφίσιν
509 1575 790 1651 ὠδύροντο.
879 1579 965 1630 καὶ
1004 1576 1188 1630 αὐτίκα
1222 1599 1317 1645 μεν
1349 1576 1415 1630 τὰ
1447 1577 1500 1630 ἐν
1539 1579 1690 1643 ποσὶ,
1739 1575 1811 1639 ὥς
1860 1601 1931 1646 πη
1973 1577 2133 1646 ε’τυχε,
2210 1589 2216 1599 '

297 1665 593 1733 διαθέμενοι
615 1663 707 1725 τὰς
729 1668 854 1733 ναῦς
882 1659 1152 1734 ἐπληρουν.
1242 1660 1458 1732 οίραντες
1477 1663 1534 1715 δὲ
1557 1664 1708 1715 παντὶ
1736 1669 1808 1716 τῶ
1830 1661 2000 1736 στόλῳ
2026 1685 2139 1734 τρι-

296 1759 432 1804 ταΐοι
452 1749 796 1803 κατέπλευσαν
818 1750 869 1811 ἒς
889 1748 981 1817 τὴν
994 1746 1207 1817 Λιβύης
1230 1746 1417 1816 ἀκτὴν,
1451 1746 1770 1817 ἢΝουμίδας
1796 1770 1849 1802 τε
1871 1751 1956 1802 καὶ
1972 1753 2139 1803 Μαυ-

301 1835 540 1903 ριτανούς
567 1835 786 1905 διορίζει.
875 1836 958 1886 καὶ
986 1836 1108 1905 πεζῇ
1128 1835 1423 1901 βαδίζοντες
1450 1832 1782 1904 ἀφικνοῦνται
1807 1835 1859 1896 ἐς
1879 1834 1938 1888 τὸ
1965 1833 2139 1888 Βούλ-

298 1927 395 1990 λης
426 1921 628 1987 πεδίον,
677 1913 737 1972 οὗ
766 1919 830 1987 δὴ
859 1918 1187 1988 ἀνεμίγνυντο
1210 1924 1284 1991 τῷ·
1315 1918 1455 1991 ἄλλῳ
1480 1923 1702 1992 στρατῷ.
1790 1920 2022 1973 ἐνταῦθα
2043 1933 2208 1977 ‹xv-20

296 2007 395 2076 χνὰ
424 2005 565 2060 ἐλέου
603 2009 798 2057 πολλοῦ
826 2003 942 2067 ι’ἱξια
967 2006 1241 2066 Βανδίλοις
1265 2003 1449 2073 ξυνέβη
1463 2045 1480 2070 ,
1527 2002 1654 2074 ἅπερ
1680 2003 1830 2075 ἔγωγε
1859 2005 1951 2058 οὔκ
1978 2005 2040 2059 ὒν
2065 2005 2140 2059 ἔτι

301 2087 500 2164 φράσαι
537 2092 723 2151 ἱκανῶς
757 2088 934 2158 ἔχοιμι.
1023 2087 1166 2159 οἶμαι
1200 2089 1296 2161 γὰρ
1333 2091 1485 2143 εἶκαὶ
1512 2089 1684 2143 αὐτῶν
1706 2092 1960 2159 πολεμίων
1990 2091 2140 2163 ἀνδρὶ

409 2241 454 2286 2.
484 2238 538 2286 τὸ
567 2238 664 2297 μή]
691 2241 757 2299 τῷ
783 2238 847 2297 μὴ
879 2241 972 2283 HL.
1116 2240 1159 2283 6.
1190 2236 1343 2295 σαρδώ
1378 2239 1428 2283 L.
1487 2241 1591 2296 Σαρ
1595 2239 1664 2284 δω
1690 2239 1744 2283 Ρ.
1878 2241 1950 2285 20.
1981 2236 2138 2298 οῗνεμί-

411 2298 610 2355 γνυντο]
640 2285 932 2356 ἐνεμίγνυντο
963 2299 1013 2341 L.
1127 2300 1201 2342 21.
1232 2298 1405 2343 πολλοῦ
1433 2297 1527 2342 Ριιι.
1566 2254 1729 2343 onon&
1755 2297 1808 2341 Ρ.

298 2427 500 2470 buerunt.
494 2442 504 2451 ·
536 2439 677 2481 equos,
705 2426 902 2479 navalia,
929 2438 1095 2477 omnem
1117 2425 1286 2468 demum
1307 2425 1502 2477 Africam
1520 2438 1616 2467 cum
1638 2423 1735 2479 ipsa
1758 2423 2028 2481 Carthagine
2047 2425 2138 2468 iam

299 2485 431 2528 hostis
455 2484 598 2526 habet.
662 2484 737 2526 Illi
765 2484 929 2526 interea
955 2488 1150 2537 torpent,
1198 2483 1391 2539 quamvis
1411 2482 1519 2524 haec
1541 2483 1645 2537 ipsis
1664 2482 1834 2524 desidia
1853 2496 2015 2539 magno
2038 2498 2140 2525 eon-

298 2547 411 2592 stet,
460 2554 612 2594 nempe
632 2541 859 2584 liberorum
883 2544 926 2583 et
954 2541 1184 2595 coniugum
1216 2541 1414 2588 libertate
1445 2540 1718 2595 fortunisque
1740 2540 1946 2585 omnibus.
2004 2541 2052 2583 N
2051 2542 2140 2583 obis

297 2599 408 2640 ‘nihil
430 2604 492 2640 est
513 2599 681 2654 reliqui,
707 2603 884 2653 praeter
907 2611 1103 2651 eampum
1129 2598 1384 2639 Bullatium:
1425 2598 1500 2639 ubi
1514 2611 1590 2652 epe
1608 2604 1816 2648 tenemur,
1844 2612 1975 2652 quam
1997 2599 2044 2640 in
2062 2613 2140 2640 uo-

300 2658 363 2698 bis
388 2656 617 2710 posuimus.
679 2657 792 2709 Quin
816 2668 928 2710 age,
966 2655 1204 2697 abolendae
1229 2655 1493 2710 tyrannidis,
1537 2669 1588 2696 ac
1610 2654 1882 2709 recipiendae
1904 2656 2139 2699 Sardiniae

300 2727 407 2756 cura
431 2713 545 2755 omni
567 2714 735 2756 abiecta
749 2745 762 2765 ,
803 2713 886 2755 hac
910 2713 1111 2754 universa
1132 2727 1228 2754 cum
1250 2715 1385 2754 classe
1404 2712 1589 2755 aduolat
1635 2726 1736 2754 nam
1756 2713 1831 2754 ubi
1857 2726 2002 2755 rerum
2021 2727 2139 2755 sum-

299 2784 374 2812 ma
395 2771 441 2812 in
458 2771 693 2824 periculum
725 2773 868 2822 venit,
912 2771 1092 2813 mullum
1113 2776 1262 2822 nocet,
1298 2770 1338 2813 ei
1357 2770 1401 2812 in
1423 2770 1504 2821 iis,
1543 2783 1656 2826 quae
1680 2769 1740 2812 ad
1756 2771 1879 2812 illam
1901 2785 1986 2812 non
2006 2771 2138 2825 perti-

300 2833 419 2877 nent,
450 2828 680 2882 diligentia
701 2833 987 2871 consumatur.
1053 2829 1280 2871 Caeterum
1303 2827 1470 2870 collatis
1494 2827 1540 2869 in
1561 2842 1692 2870 unum
1715 2828 1876 2870 viribus
1898 2841 1994 2870 cum
2016 2828 2138 2870 hoste

301 2885 501 2939 deinceps
520 2885 791 2938 dimicando,
840 2887 909 2927 vel
930 2886 975 2926 in
992 2886 1219 2941 pristinum
1241 2891 1404 2928 statum
1426 2885 1684 2939 redibimus,
1727 2886 1799 2927 uel
1830 2885 1878 2928 id
1906 2898 2139 2941 conseque-

299 2955 417 2994 mur,
449 2947 497 2983 ut
522 2942 749 2983 adversam
764 2944 998 2996 fortunam
1019 2943 1294 2985 communiter
1306 2946 1521 2996 feramus

415 2998 536 3041 Haec
576 3003 802 3054 postquam
840 3001 988 3042 Tzazo
1031 3015 1057 3043 a
1086 3014 1134 3043 se
1170 3001 1282 3043 lecta
1315 2999 1518 3042 Vandalis
1546 2996 1808 3065 impertivit,
1859 3002 1947 3041 tum
1987 2999 2137 3055 lugere

302 3068 447 3099 omnes
475 3069 527 3097 uc
554 3054 801 3107 lamentari,
848 3070 931 3099 non
960 3063 1101 3099 tamen
1131 3057 1375 3113 propalam,
1421 3056 1499 3099 sed
1529 3054 1670 3122 quoad
1699 3054 1792 3096 eius
1821 3054 1920 3098 fieri
1949 3062 2137 3112 poterat,

301 3112 508 3154 abdentes
536 3125 658 3166 sese,
704 3118 748 3154 et
775 3112 1007 3156 incolarum
1036 3114 1202 3157 insulae
1230 3118 1503 3180 conspectum
1531 3111 1746 3163 vitantes,
1795 3125 1936 3155 rerum
1964 3127 2137 3156 suarum

302 3168 586 3213 conditionem
614 3182 757 3212 secum
786 3170 920 3212 tacite
947 3170 1245 3226 deplorabant.
1291 3169 1606 3226 Quamprimum
1634 3173 1775 3211 autem
1801 3170 2002 3225 negotiis,
2028 3185 2138 3227 quae

301 3232 388 3268 tum
415 3227 687 3278 tractabant,
715 3233 931 3282 utcunque
960 3228 1229 3282 compositis,
1258 3227 1522 3293 navibusque
1550 3225 1762 3282 impletis,
1804 3240 1922 3270 oram
1950 3228 2138 3279 solvunt,

302 3289 348 3325 et
377 3283 551 3326 classem
581 3284 823 3327 universam
853 3284 924 3325 die
952 3284 1083 3325 tertio
1114 3284 1169 3326 ad
1196 3284 1301 3326 illud
1334 3283 1503 3326 Africae
1529 3283 1652 3325 littus
1682 3282 1914 3339 applicant,
1943 3286 2017 3327 ubi
2040 3285 2139 3328 Nu-

303 3339 459 3383 midiae
480 3348 524 3382 et
546 3340 832 3384 Mauritaniae
860 3340 980 3382 limes
1009 3346 1088 3383 est.
1147 3340 1253 3384 Inde
1283 3340 1461 3396 pedibus
1490 3341 1546 3383 ad
1574 3340 1723 3383 Bullae
1748 3342 2004 3397 campestria
2034 3355 2136 3408 pro-

305 3397 458 3452 gressi,
493 3398 747 3454 permiscent
775 3412 822 3440 se
851 3396 1027 3454 reliquis
1058 3397 1206 3454 copiis.
1265 3397 1350 3441 Hic
1378 3397 1508 3440 multa
1538 3398 1754 3464 Vandalis
1769 3398 2040 3443 miseratione
2067 3397 2136 3441 in-

307 3455 428 3510 genti
456 3455 587 3512 digna
616 3455 916 3513 contigerunt,
960 3468 1071 3513 quae
1110 3454 1256 3500 verbis
1303 3461 1349 3500 ut
1394 3469 1474 3513 par
1504 3461 1571 3498 est
1607 3454 1759 3513 exequi
1787 3469 1974 3515 neque03
2018 3470 2069 3500 ac
2097 3455 2134 3497 si
