2254 3814
310 177 344 228 2
358 174 434 230 16
1053 171 1385 226 PROCOPH

307 313 557 383 Οὖίττιγις
587 313 679 382 μὲν
716 313 768 364 ἐν
805 309 1070 384 Βυζαντίῳ
1109 309 1322 378 ἔμεινεν,
1368 310 1416 364 οἱ
1449 309 1504 364 δὲ
1541 309 1705 362 λοιποὶ
1737 303 2019 375 ξύμπαντες
2043 307 2122 360 ἐπὶ

299 395 545 468 Χοσρόην
588 397 680 450 σὺν
731 395 1015 466 Βελισαρίῳ
1061 393 1414 466 ἐστράτευσαν.
1502 392 1617 447 τότε
1663 399 1766 447 τῶν
1808 392 2123 461 Οὗιττίγιδος

299 483 556 553 πρέσβεων
585 479 761 549 ἅτερος
781 480 874 547 μὲν
886 519 903 544 ,
941 478 1094 549 ὅσπερ
1117 485 1209 532 τοῦ
1235 477 1505 534 ἐπισκόπου
1532 477 1779 547 ὀνόματος
1806 474 2117 542 {nescim-ev,

300 568 352 618 ἐν
385 574 491 627 τοῖς
524 568 744 633 Περσῶν
784 563 935 630 ἤθεσι
974 562 1213 631 θνήσκει,
1249 562 1276 618 ὅ
1318 566 1372 618 δὲ
1411 564 1474 631 δὴ
1514 564 1680 635 ἕτερος
1717 563 1877 616 αὐτοῦ
1918 561 2118 628 ἔμεινεν.

298 649 437 711 ὅστις
473 649 528 701 δὲ
570 648 744 710 αὐτοῖς
786 646 1026 716 ἑρμηνεὺς
1065 651 1257 715 εἵπετο,
1305 647 1617 717 ἀνεχώρησεν
1661 650 1711 710 ἐς
1747 645 2005 713 Ῥωμαίων
2028 646 2164 712 τὴν5

296 740 408 801 γῆν.
493 735 575 785 καὶ
615 732 775 786 αὐτόν
804 730 1070 802 Ἰωάννης,
1109 732 1165 795 ὃς
1187 739 1291 787 τῶν
1317 735 1369 787 ἐν
1393 734 1772 806 Μεσοποταμίᾳ
1798 735 2124 802 στρατιωτῶν

297 813 448 886 ’ἦρχεν
464 857 482 882 ,
523 816 658 888 ἀμφὶ
692 817 759 870 τοὶ
797 819 1191 887 Κωνσταντίνης
1229 817 1342 888 ὅρια
1384 817 1648 885 ξυλλαβὼν
1683 816 1732 878 ἐς
1769 837 1822 868 τε
1858 816 1950 882 τὴν
1979 812 2124 867 πόλιν

231 917 269 958 Β
301 901 577 970 εἴσαγαγών
617 903 668 955 ἐν
710 903 1038 975 δεσμωτηρίῳ
1073 907 1363 973 καθεῖρξεν,
1411 902 1566 973 ὅσπερ
1597 902 1644 955 οἶ
1667 903 1897 954 ἐνταῦθα
1922 898 2124 952 ἅπαντα

299 986 773 1060 ἀναπυνθανομένῳ
806 987 871 1040 τὰ
909 989 1230 1058 πεπραγμένα
1255 988 1493 1057 ἐξήνεγκε.
1582 986 1859 1052 ταῦταμὲν
1886 978 1977 1037 οὖν
2004 986 2125 1054 τῇδε

295 1069 535 1142 ἐχώρησε.
594 1070 895 1140 Βελισάριος
921 1073 976 1124 δὲ
1000 1073 1089 1135 ξὺν
1111 1082 1216 1135 τοῖς
1238 1071 1496 1140 ἑπομένοις
1518 1071 1648 1124 κατὰ
1671 1068 1824 1138 τάχος
1844 1067 1948 1140 ᾔει,
1994 1089 2123 1137 προ·
2139 1088 2194 1131 10

292 1162 502 1226 τερῆσαι
544 1157 595 1208 ἐν
635 1159 835 1227 σπουδῇ
867 1156 1020 1224 ἔχων,
1067 1158 1187 1227 πρίν
1221 1178 1335 1210 τινα
1370 1154 1397 1210 ὃ
1434 1154 1680 1228 Χοσρόης
1712 1153 1930 1221 ἐσβολὴν
1970 1147 2128 1215 αὖθις

298 1239 560 1308 ποιήσεται
587 1242 637 1302 ἐς
659 1239 922 1307 Ῥωμαίων
946 1241 1038 1307 τὴν
1062 1247 1173 1309 γῆν.

122 1310 158 1351 V
186 1312 273 1410 3⁰3
471 1322 542 1380 ιε’.
622 1324 705 1377 Ἐν
728 1323 974 1397 τούτῳδὲ
999 1322 1024 1377 ὅ
1047 1322 1294 1396 Χοσρόης
1315 1325 1392 1377 ἐπὶ
1415 1324 1646 1391 Κολχίδα
1665 1322 1755 1377 τὸν
1780 1321 1998 1391 στρατὸν
2022 1315 2125 1391 ἦγε,

296 1411 495 1474 Λαζῶν
550 1409 706 1462 αὐτὸν
752 1410 1070 1478 ἐπαγομένων
1124 1411 1176 1473 ἐξ
1220 1410 1387 1471 αῗτίας
1418 1411 1638 1462 τοιᾶσδε.
1726 1409 1899 1472 Λαζοὶ
1932 1406 1996 1459 τὰ
2034 1408 2128 1472 μὲν

294 1499 474 1562 πρῶτα
509 1499 603 1562 γῆν
644 1493 740 1560 τὴν
777 1496 1009 1562 Κολχίδα
1050 1493 1241 1567 ᾤκουν,
1278 1492 1539 1562 Ῥωμαίων
1577 1490 1815 1560 κατήκοοι
1850 1491 2015 1556 ὄντες,
2063 1490 2122 1544 οὖ
2142 1503 2196 1547 15

293 1579 465 1645 μέντοι
508 1579 558 1639 ἐς
601 1575 765 1648 φόρου
807 1578 1108 1648 ἀπαγωγὴν,
1158 1578 1279 1632 οὐδέ
1310 1601 1358 1632 τι
1393 1578 1516 1632 ἄλλο
1547 1578 1932 1647 ἐπαγγέλλουσιν
1953 1575 2129 1637 αὐτοῖς

295 1660 657 1728 ἐπακούοντες,
707 1661 837 1732 πλήν
870 1684 924 1732 γε
957 1665 1019 1732 δὴ
1058 1662 1134 1717 ὅτι
1146 1706 1162 1729 ,
1210 1664 1410 1717 ἐπειδὰν
1442 1663 1615 1725 αὐτοῖς
1645 1660 1935 1727 ὁβασιλεῦς
1957 1667 2129 1714 τελευ-

294 1746 484 1814 τήσειε,
534 1745 767 1814 ξύμβολα
804 1754 896 1815 τῆς
922 1749 1082 1821 ἀρχῆς
1107 1754 1176 1820 τῷ
1201 1749 1536 1821 διαδεξομένῳ
1556 1747 1648 1815 τὴν
1670 1747 1932 1814 βασιλείαν
1957 1743 2130 1798 ὃῬω-

294 1833 460 1898 μαίων
482 1832 721 1896 βασιλεὺς
746 1831 946 1900 ἔπεμπε.
1035 1834 1102 1886 τὰ
1126 1834 1182 1886 δὲ
1204 1840 1295 1900 τῆς
1319 1831 1492 1903 χώρας
1520 1831 1634 1901 ὅρια
1661 1831 1749 1894 ξῦν
1771 1839 1878 1892 τοῖς
1908 1829 2128 1900 ἀρχομέ-

297 1937 401 1978 νοις
428 1918 478 1978 ἐς
513 1916 570 1968 τὸ
600 1916 800 1983 ἀκριβὲς
838 1916 1200 1988 διεφύλασσεν,
1248 1916 1386 1979 ὅπως
1415 1918 1478 1984 δὴ
1507 1917 1578 1986 μὴ
1611 1910 1795 1969 Οὖννοι
1821 1915 2050 1981 πολέμιοι
2075 1915 2198 1978 ἐξὲο

297 2001 455 2070 ὄρους
494 2005 588 2053 τοῦ
626 1999 939 2068 Καυκάσου,
993 2000 1184 2072 ὁμόρου
1221 2004 1394 2073 σφίσιν
1437 2001 1610 2067 ὄντος,
1659 2000 1742 2053 διὰ
1771 2002 2008 2066 Λαζικῆς
2032 2021 2129 2052 πο-

299 2082 556 2156 ρευόμενοι
583 2084 898 2152 ἐσβάλλωσιν
924 2087 974 2147 ἐς
999 2093 1093 2156 γῆν
1119 2087 1214 2154 τὴν
1236 2085 1515 2153 Ῥωμαίων.
1604 2083 1894 2155 ἐφύλασσον
1928 2085 1984 2137 δὲ
2012 2083 2128 2137 οὕτε

232 2185 272 2227 D
304 2171 447 2224 αὐτοὶ
474 2167 718 2240 χρήματα
757 2170 787 2238 ἢ
828 2171 1073 2243 στρατιὰν
1110 2172 1237 2243 πρὸς
1265 2170 1525 2239 Ῥωμαίων
1566 2167 1820 2239 δεχόμενοι
1855 2167 1970 2222 οὔτε
2003 2166 2128 2222 Ῥω-

408 2329 810 2435 2.,έ2ὖιττίγι’ἒρςὲ
838 2333 1116 2391 ἰουττίγιδος
1144 2333 1250 2377 HL:
1279 2333 1383 2378 illud
1411 2335 1510 2379 Hm.
1668 2333 1739 2378 23.
1771 2327 1878 2379 οὔτε
1907 2357 1961 2365 -
1991 2330 2125 2389 οὔτε]

413 2405 469 2434 ου
505 2405 525 2434 ε
553 2414 610 2422 -
639 2406 695 2435 ου
731 2406 750 2435 ε
815 2420 825 2432 .
1445 2423 1449 2428 .

305 2530 440 2573 stitit:
469 2532 631 2575 caeteri
660 2531 974 2589 expeditionem
1002 2532 1046 2576 in
1077 2532 1307 2578 Chosroem
1338 2547 1431 2577 cum
1460 2532 1671 2578 Belisario
1702 2534 1998 2589 susceperunt.
2035 2531 2127 2575 Sub

304 2587 415 2629 idem
455 2595 620 2644 tempus
658 2596 887 2640 oratorum,
931 2604 1036 2644 quos
1066 2591 1242 2646 Vittigis
1270 2592 1503 2647 legaverat,
1544 2591 1582 2633 is
1612 2590 1685 2647 qui
1714 2591 1797 2633 sibi
1826 2604 1974 2632 nomen
2005 2603 2128 2631 arro-

305 2646 437 2700 gabat
477 2646 705 2702 Episcopi,
750 2647 795 2688 in
838 2647 1014 2690 Perside
1044 2655 1233 2690 mortuus
1262 2656 1353 2699 est3
1400 2648 1511 2691 alter
1549 2647 1701 2690 ibidem
1744 2648 1909 2689 mansit.
1972 2647 2128 2688 Eorum

303 2716 408 2743 vero
438 2701 714 2758 interpretem
743 2704 798 2745 ad
823 2703 1034 2746 Romanos
1061 2711 1348 2748 revertentem
1376 2706 1554 2748 loannes
1583 2704 1916 2760 Mesopotamiae
1945 2703 2042 2745 Dux
2071 2703 2128 2745 ad

306 2758 613 2801 Constantinae
651 2759 807 2801 limites
847 2761 982 2815 cepit,
1035 2761 1293 2817 ductumque
1331 2762 1375 2803 in
1403 2762 1549 2805 urbem
1591 2761 1773 2804 tradidit
1802 2761 1845 2803 in
1876 2760 2128 2803 custodiam.

307 2813 397 2856 Ubi
423 2813 496 2857 ille
525 2814 660 2857 eidem
689 2815 972 2870 interroganti
1006 2831 1147 2860 rerum
1177 2818 1222 2860 in
1252 2818 1468 2873 legatione
1507 2823 1722 2873 gestarum
1752 2817 1903 2860 seriem
1936 2816 2130 2859 enuntia-

306 2871 396 2913 vit:
451 2876 583 2927 atque
613 2872 720 2914 haec
755 2872 819 2914 ita
858 2881 1087 2918 cesserunt.
1158 2874 1394 2917 Belisarius
1425 2880 1562 2917 autem
1602 2889 1692 2917 cum
1722 2875 1808 2917 suis
1846 2873 1937 2914 ibat
1969 2873 2131 2928 magnis

305 2926 549 2994 itineribus,
578 2934 848 2972 antevertere
878 2929 1062 2973 Chosroi
1090 2936 1321 2983 maturans,
1361 2931 1607 2989 priusquam
1636 2933 1775 2974 denuo
1804 2931 1848 2972 in
1875 2930 1983 2972 fines
2010 2930 2132 2975 Rom.

304 2989 575 3040 irrumperet.

424 3042 491 3086 15.
548 3042 721 3084 Interea
748 3042 963 3084 chosroes
1003 3043 1234 3087 exercitum
1262 3044 1307 3086 in
1335 3043 1580 3087 Colchidem
1619 3041 1767 3093 duxit,
1815 3042 2022 3085 Lazorum
2052 3043 2131 3086 im-

310 3097 431 3152 pulsu
461 3112 510 3140 ac
539 3098 757 3150 suasione,
809 3099 933 3142 istam
963 3100 1017 3141 ob
1045 3114 1227 3143 causam.
1296 3100 1513 3157 Principio
1543 3099 1648 3142 Lazi
1677 3099 1922 3141 Colchidem
1967 3099 2130 3143 incole-

307 3155 437 3206 bant,
477 3155 673 3198 Romanis
703 3155 872 3211 quidem
900 3155 1085 3207 subditi3
1130 3156 1330 3199 immunes
1363 3164 1528 3207 tamen,
1568 3169 1704 3211 neque
1733 3155 1849 3198 aliud
1879 3156 2130 3199 exhibentes

307 3210 580 3267 obsequium,
632 3211 715 3253 nisi
742 3211 853 3267 quod
884 3213 1002 3266 Rege
1032 3218 1194 3255 mortuo
1224 3215 1440 3256 Romanus
1468 3214 1706 3268 Imperator
1735 3212 1998 3269 principatus
2026 3213 2131 3255 insi-

308 3269 411 3323 gnia
440 3267 661 3323 designato
691 3268 924 3310 successori
951 3268 1170 3311 mittebat:
1202 3270 1273 3326 qui
1301 3271 1559 3312 subditorum
1590 3268 1716 3311 armis
1744 3270 1850 3311 fines
1879 3283 1992 3320 suos,
2021 3283 2074 3312 ne
2103 3284 2130 3312 e

310 3325 568 3367 contermino
610 3326 801 3368 Caucaso
841 3325 983 3367 Hunni
1024 3326 1167 3367 hostes
1211 3340 1289 3383 per
1332 3325 1524 3368 Lazicam
1565 3325 1608 3367 in
1650 3326 1892 3381 provincias
1921 3328 2130 3369 Romanas

312 3385 608 3438 erumperent,
651 3381 880 3437 diligenter
909 3382 1202 3434 custodiebat3
1254 3382 1384 3437 idque
1411 3382 1502 3424 sine
1538 3382 1809 3438 stipendiis,'
1835 3382 1927 3424 sine
1957 3383 2128 3425 auxiliis

312 3439 612 3484 Romanorum:
642 3453 818 3496 quorum
846 3453 926 3481 nec
954 3438 1039 3495 ipsi
1068 3446 1189 3483 erant
1217 3439 1263 3481 in
1292 3439 1451 3484 bellicis
1481 3439 1822 3496 expeditionibus
1851 3438 1971 3483 socii.
2029 3439 2128 3483 Ma-
