2254 3814
354 224 476 281 226
747 199 752 202 ’
1094 220 1428 274 PROCOPH

283 384 323 427 D
353 363 603 421 λοιπότων
616 405 633 431 ,
683 358 924 429 ἐνόμιζον.
1014 361 1091 414 διὸ
1118 362 1181 430 δὴ
1206 361 1276 415 ἔτι
1297 366 1493 436 μᾶλλον
1520 359 1652 431 ἀμφὶ
1679 357 1768 412 τὸν
1789 358 2057 428 περίβολον
2081 351 2175 426 ἧλ-

351 460 484 518 θον,
534 449 603 511 ὥς
628 451 874 514 κλίμακας
901 445 1087 511 εὐθὺς,
1136 446 1223 500 ἅτε
1253 447 1458 508 οὐδενὸς
1494 444 1843 513 ἀμυνομένου,
1898 442 2177 511 ἐπιθήσον-

349 560 447 600 τες.
535 527 774 598 πολέμιόν
795 554 848 584 τε
877 532 1023 585 οὐδὲν
1059 530 1174 585 οὕτε
1211 530 1428 602 δρῶντες
1455 530 1568 584 οὔτε
1592 527 1888 593 ἀκούοντες,
1936 528 2176 594 πέμψαν-

351 643 432 683 τες
470 619 611 688 παρὰ
649 614 894 686 Χοσρόην
926 617 992 670 τὰ
1034 615 1264 685 παρόντα
1307 620 1478 687 σφίσιν
1504 614 1717 684 ἐδήλουν
1738 656 1754 680 ,
1805 615 1887 666 καὶ
1915 612 1972 674 ὃς
1993 613 2051 665 τὸ
2083 614 2175 680 μὲν

349 713 584 760 πλεῖστον
636 708 729 756 τοῦ
770 708 996 772 στρατοῦ
1038 703 1248 771 πέμψας
1291 699 1614 769 πανταχόθεν
1662 701 2046 768 ἀποπειρᾶσθαι
2083 702 2219 756 τοῦ5

349 788 622 859 περιβόλου
650 788 838 841 ἐκέλευε
854 829 870 853 ,
917 793 1040 860 κριῷ
1065 810 1117 841 τε
1146 794 1209 859 τῇ
1230 794 1434 858 μηχανῇ
1461 788 1592 856 ἀμφὶ
1626 785 1719 846 τὰς
1758 782 1921 845 πύλας
1945 788 2180 850 χρῆσθαι

349 882 452 930 τῶν
485 897 580 927 τινι
615 871 875 943 ἀρχόντων
911 874 1230 939 ἐπέστελλεν,
1288 875 1339 926 ἐν
1382 875 1435 926 δὲ
1476 877 1548 943 τῷ
1586 868 1729 941 λόφῳ
1757 867 2074 936 καθήμενος,
2124 866 2181 928 ὃς

351 962 415 1030 δὴ
450 966 514 1031 τῇ
549 957 689 1012 πόλει
729 957 798 1020 ὥς
830 957 1094 1028 ἀγχοτάτω
1136 961 1400 1023 ἐπίκειται,
1462 957 1656 1023 θεατὴς
1689 960 1791 1007 τῶν
1815 953 2180 1023 πρασσομένων

351 1048 555 1117 ἐγίνετο.
644 1044 825 1097 αὐτίκα
865 1046 920 1096 δὲ
952 1042 1190 1112 Ῥωμαῖοι
1220 1042 1313 1106 τάς
1339 1065 1392 1096 τε
1428 1041 1590 1103 πύλας
1620 1041 1874 1094 ἀνέκλινον
1900 1040 1953 1090 ἐκ
1980 1042 2070 1090 τοῦ
2099 1039 2181 1089 αἷ-

351 1133 553 1203 φνιδιόυ
589 1132 674 1182 καὶ
712 1127 1090 1199 ἀπροσδόκητοι
1122 1127 1440 1189 ἐπιπεσόντες
1474 1130 1738 1187 πλείστους
1786 1130 1888 1177 τῶν
1925 1124 2176 1189 πολεμίων
2197 1133 2252 1177 10

352 1218 679 1285 διέφθειραν,
726 1217 810 1266 καὶ
845 1212 1071 1281 μάλιστα
1108 1215 1229 1274 τοὺς
1260 1214 1391 1283 ἀμφὶ
1420 1213 1509 1266 τὸν
1547 1211 1687 1281 κριὸν
1722 1209 2084 1278 τεταγμένους·
2133 1207 2183 1260 οἳ

179 1311 214 1351 Ρ
245 1309 329 1356 129
358 1304 413 1355 δὲ
438 1303 604 1354 λοιποὶ
628 1297 776 1367 μόλις
801 1300 889 1360 ξὺν
914 1304 985 1370 τῷ
1015 1304 1284 1369 στρατηγῷ
1312 1295 1644 1368 διαφυγόντες
1666 1293 1957 1363 ἐσώθησαν.
2024 1297 2182 1365 θυμιζ

351 1409 404 1440 τε
440 1384 465 1439 ὅ
498 1382 744 1454 Χοσρόης
785 1382 1020 1451 ἐχόμενος
1065 1384 1362 1451 Ἀνιοιβέδην
1416 1378 1830 1445 ἀνεσκολόπισεν,
1894 1377 1980 1431 ἅτε
2022 1399 2183 1430 κατα-

352 1469 775 1542 στρατηγηθέντα
804 1470 932 1539 πρὸς
957 1474 1048 1522 τοῦ
1067 1467 1332 1534 Ἰωάννου,
1379 1465 1610 1536 καπήλου
1640 1488 1693 1519 τε
1734 1467 1817 1518 καὶ
1842 1463 2098 1530 ἀπολέμου
2123 1462 2181 1516 τὸ

349 1554 595 1626 παράπαν
623 1550 827 1622 ἀνδρός.
901 1555 1030 1616 τινὲς
1057 1555 1113 1606 δὲ
1138 1554 1230 1606 οὐκ
1248 1554 1576 1621 Ἀνιαβέδην,
1638 1551 1770 1604 ἀλλὰ
1804 1550 1892 1603 τὸν
1932 1548 2173 1617 ἄρχοντα,
2198 1558 2252 1604 15

352 1642 409 1704 ὃς
444 1641 506 1709 δὴ
550 1637 827 1710 ἐφειστήκει
859 1648 967 1701 τοῖς
1010 1640 1100 1692 τὸν
1142 1639 1287 1709 κριὸν·
1308 1642 1618 1708 ἐνεργοῦσιν,
1682 1635 2190 1701 ἀνασκολοπισθῆναί

350 1747 524 1798 φασιν.
615 1724 772 1785 αὐτὸς
809 1725 863 1777 δὲ
899 1723 1030 1794 ἄρας
1067 1726 1218 1777 παντὶ
1254 1730 1326 1796 τῷ
1362 1729 1599 1795 στρατῷ,
1645 1719 1857 1791 ἀγχιστά
1882 1743 1932 1773 τε
1957 1725 2048 1772 τοῦ
2075 1720 2184 1772 Πέ-

348 1833 477 1882 τρας
514 1807 784 1879 περιβόλου
832 1809 1039 1879 ἀφίκετο
1079 1812 1163 1862 καὶ
1201 1805 1858 1879 στρατοπεδευσάμενοςὲς
1890 1806 2185 1875 πολιορκίαν

351 1897 659 1951 καθίστατο.
747 1899 812 1964 τῇ
843 1896 898 1946 ὁὲ
924 1893 1170 1968 ὑστεραία
1192 1892 1359 1967 κύκλῳ
1384 1894 1588 1964 περιιών
1626 1893 1715 1946 τὸν
1737 1893 2034 1961 περίβολον,
2081 1891 2186 1942 ἐπεὶ

355 1982 415 2034 οὗ
454 1982 568 2033 λίαν
609 1975 887 2046 ἀξιόμαχον
933 1979 1090 2033 αὐτὸν
1126 1977 1454 2032 ὑπώπτευσεν
1496 1977 1649 2044 εἶναι,
1693 1985 2004 2044 τειχομαχεῖν
2035 1975 2253 2045 ἔγνω.20

170 2077 210 2115 V
240 2075 327 2119 310
355 2064 414 2120 τό
442 2087 496 2119 τε
534 2062 830 2134 στράτευμα
873 2062 991 2118 ὅλον
1016 2068 1246 2118 ἐνταῦθα
1270 2064 1535 2134 ἐπαγαγὼν
1573 2063 1718 2133 ἔργου
1745 2063 1902 2130 εἴχετο
1920 2102 1937 2127 ,
1986 2063 2069 2113 καὶ
2097 2082 2185 2114 το-

200 2160 244 2203 H
272 2159 330 2204 72
359 2149 515 2215 ξεύειν
541 2148 774 2211 ἅπαντας
797 2151 876 2203 ἐπὶ
914 2150 1008 2212 τὰς
1045 2148 1271 2213 ἐπάλξεις
1299 2150 1503 2203 ἐκέλευε.
1585 2147 1825 2218 Ῥωμαῖοι
1848 2148 1904 2201 δὲ
1929 2143 2186 2214 ἀμυνόμε-

466 2301 538 2345 12.
581 2295 923 2355 ,,διοιφυγο’ντες
950 2298 1106 2355 Reg.“
1128 2299 1278 2342 Mam·-
1338 2295 1666 2354 διαφεύγοντες
1679 2298 1730 2343 Ρ.
1817 2299 1884 2343 13.
1906 2295 2182 2356 Ἄνιοιβέδην]

462 2357 898 2472 ξῷνειῇιὲῑιδίτὲιῆνιῗὶἰβ.
935 2354 1252 2415 Ἀβενιοιμίδην
1266 2357 1319 2404 Ρ.
1350 2356 1533 2401 correxi
1551 2370 1605 2400 ex
1630 2357 1785 2415 9225,
1803 2359 1870 2401 17.
1938 2357 2006 2402 15.
2046 2357 2184 2412 Vulgo

354 2555 448 2586 cum
479 2539 635 2584 hostile
664 2539 770 2583 nihil
801 2545 1042 2591 cernerent,
1070 2540 1173 2584 nihil
1201 2540 1424 2594 audirent,
1465 2541 1746 2584 Romanorum
1774 2542 1879 2597 suga
1911 2556 2085 2585 vacuam
2115 2555 2185 2584 re-

353 2601 498 2644 lictam
529 2601 672 2640 urbem
717 2604 934 2654 putarunt.
997 2599 1147 2649 Quare
1188 2599 1363 2655 propius
1404 2599 1647 2642 circumfusi
1677 2600 1919 2651 moenibus,
1950 2614 2084 2655 eaque
2109 2600 2186 2640 de-

352 2655 600 2699 fensoribus
642 2669 791 2697 carere
833 2655 943 2708 rati,
991 2657 1130 2699 scalas
1169 2656 1412 2712 expediunt.
1481 2656 1654 2700 Nullum
1694 2656 1835 2698 adhuc
1872 2671 2010 2712 neque
2047 2655 2186 2699 oculis

357 2727 499 2767 neque
529 2711 704 2754 auribus
735 2712 996 2769 accipientes
1027 2714 1161 2755 hostis
1190 2713 1388 2756 indicium
1410 2744 1422 2762 ‚
1451 2713 1505 2756 de
1535 2713 1750 2770 praesenti
1774 2728 1915 2756 rerum
1944 2719 2059 2756 statu
2091 2727 2186 2767 cer-

355 2769 508 2812 tiorem
539 2767 705 2811 faciunt
747 2783 825 2826 per
866 2771 1038 2813 nuntios
1069 2770 1319 2813 chosroem.
1376 2770 1460 2812 Hic
1497 2773 1623 2813 missa
1653 2770 1868 2827 copiarum
1901 2779 2021 2828 parte
2050 2769 2184 2814 maxi-

357 2840 448 2876 ma,
477 2830 529 2866 ut
557 2838 697 2868 muros
726 2826 916 2881 undique
944 2827 1201 2870 invaderent
1229 2827 1468 2870 mandavit:
1510 2828 1675 2870 cuidam
1710 2828 1834 2870 etiam
1865 2829 1960 2870 duci
2005 2841 2184 2884 praece·
2235 2879 2237 2885 Ι

357 2883 426 2940 pit
457 2893 619 2938 portam
662 2881 798 2924 ariete
829 2884 1092 2928 verberaret.
1155 2885 1252 2940 lpse
1280 2885 1323 2926 in
1351 2885 1534 2936 tumulo,
1583 2885 1656 2941 qui
1686 2884 1844 2941 oppido
1887 2886 2076 2940 proxime
2105 2885 2185 2927 im·
2223 2904 2225 2908 ·

359 2941 516 2993 minet,
569 2943 788 2996 spectator
840 2941 1045 2992 sedebat3
1100 2956 1190 2984 cum
1241 2957 1344 2985 ecce
1394 2950 1544 2998 aperta
1581 2949 1761 2999 repente
1803 2951 1926 2997 porta
1964 2940 2230 2998 improvisi

358 3002 586 3052 erumpunt
616 2995 819 3047 Romani,
861 2998 1063 3053 factoque
1101 2999 1288 3054 impetu,
1329 3013 1413 3042 non
1453 3012 1634 3055 paucoS,
1679 3004 1724 3040 et
1762 3013 1836 3040 eos
1864 2998 2069 3050 maxime,
2111 2997 2184 3054 qui

357 3054 414 3097 ad
458 3052 633 3095 arietem
674 3053 869 3095 collocati
911 3055 1111 3107 fuerant,
1162 3055 1373 3098 caedunt:
1412 3055 1571 3098 caeteri
1608 3055 1682 3096 vix
1721 3068 1814 3097 cum
1854 3055 1962 3097 duce
1994 3057 2098 3110 fuga
2137 3070 2185 3098 se
2223 3067 2233 3082 ³*

357 3110 675 3168 proripuerunt.
746 3110 818 3151 lra
856 3109 1136 3153 inflammatus
1175 3112 1410 3163 Chosroes‚
1453 3111 1792 3164 Abmiamidem,
1834 3113 1947 3168 quod
1977 3127 2003 3155 a
2031 3114 2187 3155 Ioanne
2222 3121 2228 3137 ⁹

359 3167 539 3225 propola
576 3181 626 3209 ac
666 3165 789 3222 plane
831 3166 989 3208 imbelli
1027 3169 1190 3210 homine
1220 3177 1314 3211 astu
1344 3169 1494 3211 bellico
1519 3169 1657 3210 victus
1687 3175 1823 3221 esset,
1853 3170 2019 3212 suffixit
2047 3170 2182 3212 cruci.
2228 3213 2229 3218 ,

364 3225 549 3275 Quidam
589 3237 674 3265 non
722 3224 1063 3275 Abeniamidem,
1115 3226 1190 3268 sed
1231 3226 1371 3277 illum,
1427 3225 1500 3281 qui
1543 3227 1825 3268 arietantibus
1864 3235 2088 3282 praeerat,
2133 3240 2219 3271 ea.

362 3295 502 3339 poena
532 3280 734 3322 affectum
763 3280 952 3322 tradunt.
1012 3282 1124 3324 Tum
1154 3297 1201 3324 se
1231 3283 1443 3324 Chosroes
1472 3296 1565 3324 cum
1595 3283 1704 3325 omni
1735 3285 1924 3326 exercitu
1954 3285 2108 3335 movit,
2138 3287 2184 3326 et
2209 3291 2229 3330 2,

362 3337 554 3395 proxime
593 3351 730 3380 muros
772 3340 926 3379 Petrae
965 3343 1107 3381 castra
1145 3345 1355 3390 metatus,
1408 3339 1519 3381 illam
1552 3339 1835 3382 circumsedit.
1897 3343 2071 3384 Postero
2112 3323 2226 3396 diez

363 3395 614 3438 circumiens
651 3394 745 3451 ipse
784 3395 949 3436 moenia
988 3395 1257 3451 exploravit,
1297 3410 1433 3451 eaque
1463 3396 1573 3439 haud
1612 3397 1720 3440 adeo
1753 3398 1895 3441 valida
1924 3412 2018 3441 esse
2045 3397 2183 3440 conii*
2202 3406 2225 3450 ξ

362 3453 503 3504 ciens,
548 3465 800 3508 oppugnare
837 3452 1071 3495 constituit.
1130 3453 1241 3495 Tum
1283 3453 1421 3496 accito
1451 3453 1649 3496 universo
1679 3455 1871 3498 exercitu
1902 3469 1988 3498 rem
2019 3460 2225 3510 aggre-z·⁴

359 3509 504 3562 ditur,
538 3515 584 3552 et
611 3515 786 3552 cunctos
813 3508 860 3551 in
887 3510 998 3552 muri
1026 3511 1180 3566 pinnas
1208 3510 1382 3553 mittere
1407 3511 1590 3567 sagittas
1618 3511 1750 3556 iubet.
1807 3513 1980 3555 Interea
2001 3510 2212 3556 Romanis·
