2254 3814
358 207 479 264 438
1098 201 1430 255 PROCOPII

358 371 455 421 ραν
476 344 742 418 θρηνῆσαί
761 363 813 395 τε
839 343 922 396 καὶ
947 340 1268 396 ἀποκλαῦσαι
1292 342 1544 412 ἐπείγεται.
1612 344 1777 392 ταῦτα
1805 336 2028 399 ἀκούσας
2059 336 2173 394 Φά-

295 447 335 489 D
368 455 462 506 ρας
490 434 574 486 καὶ
598 420 933 499 περιαλγήσας
952 448 1005 480 τε
1030 430 1115 480 καὶ
1138 425 1295 496 τύχην
1320 427 1413 494 τὴν
1439 426 1763 495 ἀνθρωπείαν
1783 423 2175 494 ἀπολοφυράμε-

358 540 471 583 νος,
517 514 649 568 κατὰ
671 513 737 566 τὰ
757 512 1075 584 γεγραμμένα
1100 513 1280 578 ἐποίει,
1328 513 1412 564 καὶ
1433 508 1599 564 πάντα
1625 509 1835 576 ἔπεμπεν
1860 508 1992 562 ὅσων
2017 509 2175 562 αὐτοῦ

359 603 529 672 ἔχρῃζε
553 604 603 652 Γ
599 599 780 667 ελίμερ.
869 603 962 666 τῆς
980 597 1154 666 μέντοι
1182 598 1507 669 προσεδρειάς
1542 595 1689 648 οὐδὲν
1710 597 1906 662 μεθιεὶς
1926 592 2179 666 ἐφύλασσε

355 691 552 755 μᾶλλον
575 683 608 753 ’ἢ
640 680 901 752 πρότερον.
2191 685 2218 730 5

530 766 585 834 ζ’.
640 767 780 836 ’Ήδη
807 768 862 820 δὲ
885 771 1040 838 τριῶν
1060 771 1234 835 μηνῶν
1253 761 1437 836 χρόνος
1453 764 1504 817 ἐν
1520 760 1680 835 ταύτῃ
1702 762 1765 831 δὴ
1791 768 1856 835 τῇ
1882 764 2182 838 προσεδρείᾳ

357 857 535 927 ἐτρίβη
560 855 644 907 καὶ
667 850 694 906 ὃ
726 852 916 921 χειμών
952 849 1199 905 ἐτελεύτα.
1288 852 1372 904 καὶ
1406 848 1433 904 ὅ
1456 853 1508 902 Γ
1503 850 1668 920 ελίμερ
1695 851 1898 915 ἐδεδίει,
1944 848 2064 910 τοὺς
2086 869 2183 901 πο-

358 945 686 1010 λιορκοῦντας
709 937 790 990 ἐπ’
822 936 977 990 αὐτὸν
1018 936 1110 989 οὐκ
1137 937 1187 998 ἐς
1211 934 1415 1003 μακρὰν
1447 933 1803 1004 ἀναβήσεσθαι
1829 932 2183 998 ὖποτοπάζων,

182 1035 217 1075 Ρ
249 1032 330 1078 251
362 1029 447 1080 καὶ
481 1030 584 1078 τῶν
625 1023 673 1076 οἳ
708 1026 950 1092 ξυγγενῶν
986 1023 1201 1075 παιδίων
1238 1021 1305 1074 τὰ
1339 1025 1551 1074 πλεῖστα
1586 1017 1803 1087 σώματα
1841 1017 2106 1087 σκώληκας
2132 1019 2184 1071 ἐν

357 1108 524 1182 ταύτῃ
562 1108 624 1175 δὴ
662 1114 725 1179 τῇ
765 1107 1085 1180 ταλαιπωρίᾳ
1124 1107 1276 1177 ἠφίει.
1365 1107 1448 1158 καὶ
1484 1106 1535 1158 ἐν
1567 1103 1727 1157 ἅπασι
1764 1105 1855 1171 μὲν
1877 1102 2224 1174 περιώδυνος1

357 1191 454 1265 ἦν,
502 1196 552 1257 ἐς
590 1192 797 1246 ἅπαντα
833 1193 917 1258 δὲ,
959 1189 1090 1260 πλήν
1125 1213 1177 1261 γε
1216 1190 1281 1258 δὴ
1302 1195 1396 1243 τοῦ
1417 1185 1688 1258 θνήσκειν,
1735 1187 2064 1259 δυσάρεστος.
2119 1194 2182 1259 τῇ

357 1281 529 1349 μέντοι
558 1279 881 1351 κακοπαθείᾳ
899 1275 1040 1346 παρὰ
1065 1271 1221 1339 δόξαν
1244 1274 1484 1342 ἀντεῖχεν,
1531 1274 1627 1335 ἕως
1649 1275 1698 1327 οἳ
1721 1274 1897 1341 θέαμα
1920 1277 2042 1327 ἰδεῖν
2065 1277 2185 1336 ξυν-

359 1365 554 1435 ηνέχθη
592 1360 806 1417 τοιόνδε.
890 1358 1016 1431 γυνή
1053 1381 1129 1423 τις
1171 1361 1486 1430 Μαυρουσία
1499 1398 1515 1424 ,
1564 1367 1705 1412 σῖτον
1747 1358 1913 1429 ὀλίγον
1953 1357 2186 1428 ἀμωσγέ-

175 1454 216 1495 V
247 1454 330 1499 396
359 1471 468 1512 πως
507 1447 872 1519 συγκοψαμένη
889 1487 904 1511 ,
953 1449 1119 1514 μᾶζαν
1155 1447 1210 1499 δὲ
1242 1445 1447 1499 ἐνθένδε
1470 1449 1715 1514 βραχεῖαν
1749 1447 1933 1512 κομιδῆ
1967 1464 2184 1513 ποιησα-

359 1535 485 1604 μένη
512 1533 563 1596 ἔς
591 1527 799 1599 ζέουσαν
822 1531 916 1600 τὴν
949 1531 1167 1586 σποδιὰν
1192 1531 1284 1599 τὴν
1318 1531 1370 1583 ἐν
1409 1534 1472 1601 τῇ
1498 1527 1691 1604 ἐσχάρᾳ
1716 1528 1993 1598 ἐνέβαλλεν.
2051 1527 2186 1583 οὕτω
2203 1534 2226 1577 1

340 1620 456 1691 ’γὰρ
486 1615 645 1687 νόμος
670 1619 722 1672 ἐν
750 1617 1113 1687 Μαυρουσίοις
1150 1617 1272 1678 τοὺς
1303 1615 1491 1683 ἄρτους
1527 1614 1805 1669 ὀπτᾶσθαι.
1894 1615 2036 1686 παρὰ
2058 1612 2187 1668 ταύ-

357 1727 452 1774 την
474 1704 538 1773 δὴ
563 1704 656 1773 τὴν
678 1699 899 1773 ἐσχάραν
931 1699 1024 1756 δύο
1066 1704 1216 1756 παῖδε
1251 1707 1530 1769 καθημένω
1556 1701 1638 1753 καὶ
1671 1706 1744 1772 τῷ
1774 1705 1903 1774 λιμῷ
1929 1699 2188 1773 ὑπεράγαν

295 1794 333 1839 Β
362 1790 673 1859 βιαζομένω,
719 1788 899 1855 ἅτερος
922 1788 1014 1855 μὲν
1048 1787 1212 1855 αὐτῆς
1236 1792 1330 1854 τῆς
1355 1782 1637 1856 ἀνθρώπου
1658 1786 1797 1850 υἱὸς,
1841 1785 1875 1854 ἢ
1902 1786 1993 1854 τὴν
2020 1789 2187 1855 μᾶζαν

359 1874 705 1944 ἐμβεβλημένῃ
744 1872 1038 1942 ἐτύγχανεν,
1088 1870 1115 1926 ὃ
1151 1874 1207 1925 δὲ
1246 1873 1412 1942 ἕτερος
1449 1875 1499 1924 Γ
1495 1873 1719 1941 ελίμερος
1753 1871 2060 1942 ἀδελφιδοῦς
2093 1870 2184 1936 ὢν,

359 1962 676 2029 ἐβουλέσθην
714 1955 908 2027 ταύτην
947 1958 1011 2025 δὴ
1048 1957 1141 2026 τὴν
1161 1959 1328 2025 μᾶζαν
1372 1953 1743 2026 ἅρπάσασθαι,
1783 1957 1983 2010 ἐπειδὰν
2013 1957 2188 2017 αὐτοῖς

359 2042 575 2113 τάχιστα
615 2044 892 2111 ὠπτῆσθαι
935 2045 1075 2113 δοκῇ.
1163 2041 1366 2096 τούτοιν
1402 2049 1511 2094 τοῖν
1536 2042 1740 2095 παίδοιν
1763 2039 1790 2095 ὃ
1813 2043 1906 2109 μὲν
1933 2044 2191 2104 Βανδίλος

359 2127 678 2202 προτερήσας
700 2127 904 2200 ξ’φθασέ
923 2149 975 2181 τε
998 2128 1090 2195 τὴν
1115 2130 1282 2195 μᾶζαν
1305 2124 1541 2198 ἁρπάσας
1564 2129 1651 2180 καὶ
1674 2126 1882 2192 ζέουσαν
1910 2127 1981 2181 ἔτι
2005 2126 2072 2190 ὥς
2086 2125 2188 2195 μά-

476 2266 518 2308 2.
559 2261 974 2320 ἄπολοφυρᾶμενος
1017 2264 1107 2307 AL.
1179 2260 1591 2319 α’πολοφυρόμενος
1629 2263 1678 2306 Ρ.
1837 2265 1879 2308 3.
1919 2261 1977 2308 ταὶ
2015 2278 2094 2307 om.
2137 2263 2189 2306 L.

474 2324 516 2366 6.
548 2322 606 2378 δή
634 2323 778 2363 addidi
801 2336 854 2364 ex
876 2323 926 2365 L.
1017 2322 1084 2367 14.
1113 2321 1281 2377 μᾶζαν]
1306 2321 1443 2376 Vulgo
1466 2319 1615 2375 μάζαν
1636 2319 1706 2362 hic
1730 2324 1775 2364 et
1794 2320 1921 2364 infra.
2007 2323 2078 2366 21.
2111 2323 2191 2367 δο-
2252 2349 2254 2383 3

474 2381 534 2438 κῇ
563 2380 614 2425 L.
676 2381 805 2424 δοκεῖ
830 2380 879 2422 Ρ.
994 2379 1096 2421 ibid.
1128 2381 1378 2435 Βανόίλος]
1410 2380 1644 2432 βανδίλοις
1672 2377 1721 2421 L.
2253 2392 2254 2418 i

365 2521 442 2551 rae
487 2507 674 2550 numeris
717 2512 870 2564 aptare
913 2507 1050 2559 velle,
1103 2513 1147 2550 et
1187 2507 1395 2565 plorando
1425 2505 1645 2551 modulari.
1704 2506 1802 2558 Quo
1832 2506 1996 2549 Pharas
2025 2507 2188 2560 audito,
2244 2559 2246 2562 .

365 2563 621 2616 condolens,
672 2570 800 2621 atque
839 2566 1058 2607 humanam
1101 2573 1261 2609 sortem
1302 2565 1558 2623 deplorans,
1600 2563 1812 2620 epistolae
1853 2565 2096 2618 satisfecit,
2138 2580 2189 2608 ac
2247 2611 2249 2613 ,

365 2621 584 2672 Gelimeri‚
615 2621 820 2677 quidquid
853 2623 1171 2678 postulaverat,
1201 2622 1328 2666 misit.
1388 2623 1501 2665 Tum
1531 2629 1727 2678 perstans
1755 2622 1801 2664 in
1829 2621 2064 2675 obsidione,
2095 2622 2189 2665 adi-
2251 2635 2254 2639 ·

364 2684 434 2721 tus
464 2691 605 2721 omnes
634 2677 881 2733 diligentius
909 2678 1158 2721 custodivit.
2211 2721 2223 2730 ,

479 2736 522 2777 7.
580 2735 629 2776 In
660 2736 740 2777 liac
772 2736 995 2778 obsidione
1025 2737 1237 2779 mensibus
1267 2735 1424 2792 elapsis
1451 2735 1589 2778 tribus
1608 2766 1622 2790 ,
1662 2740 1707 2779 et
1739 2735 1877 2779 hieme
1915 2734 1999 2778 iam
2028 2749 2191 2778 exeun·
2251 2747 2254 2787 f

363 2797 439 2842 te,
480 2790 737 2835 Gelimerem
792 2793 916 2835 timor
956 2792 1140 2846 invasit,
1191 2793 1480 2848 suspicantem
1516 2794 1762 2836 obsessores
1803 2793 1906 2836 illuc
1941 2791 2189 2849 propediem
2242 2794 2254 2838 ’ἶ

366 2862 630 2893 ascensuros.
691 2850 937 2906 Complures
977 2850 1126 2907 pueri,
1169 2850 1397 2907 propinqui
1438 2850 1560 2901 eius,
1617 2849 1960 2908 putrescentibus
1998 2849 2188 2906 paedore

316 2910 319 2912 ’
366 2906 620 2961 corporibus
661 2907 966 2949 verminabant.
1029 2908 1089 2949 Et
1127 2921 1370 2964 quanquam
1409 2907 1599 2951 omnibus
1637 2907 1857 2950 indolebat
1898 2907 2033 2948 animo
2065 2907 2188 2948 Geli-
2240 2934 2241 2954 3

366 2977 482 3012 mer,
514 2976 618 3016 prae
646 2976 692 3004 se
721 2969 861 3006 tamen
896 2964 1064 3006 serebat
1093 2965 1397 3015 constantiam,
1435 2979 1519 3007 uno
1550 2963 1695 3006 mortis
1724 2963 1914 3020 periculo
1942 2961 2189 3015 flexibilem,
2238 2975 2239 2978 ’

366 3018 412 3061 in
441 3019 652 3060 aerumnis
681 3027 854 3074 praeter
883 3021 1118 3074 opinionem
1144 3028 1342 3077 perstans
1371 3026 1500 3077 atque
1527 3020 1764 3064 obdurans:
1793 3020 1928 3062 donec
1952 3021 2029 3062 sub
2055 3019 2190 3075 ipsius

368 3076 504 3118 oculis
534 3089 604 3118 res
645 3075 730 3118 ista
774 3078 966 3132 contigit.
1028 3078 1202 3120 Femina
1241 3078 1448 3134 quaedam
1487 3077 1643 3120 Maura
1683 3077 1919 3119 confectam
1949 3091 1973 3118 e
2001 3078 2189 3133 pauxillo

367 3133 604 3183 frumento,
645 3140 856 3189 utcunque
896 3140 1099 3186 contuso,
1139 3135 1448 3190 placentulam‚
1498 3134 1543 3176 in
1581 3133 1770 3176 favillam
1814 3133 1899 3175 soci
1936 3132 2188 3178 immiserat:
2236 3159 2243 3174 ,

370 3203 453 3246 quo
486 3195 610 3245 pacto
642 3203 773 3245 panes
803 3205 986 3245 coquere
1013 3192 1150 3234 solent
1180 3192 1338 3234 Mauri.
1398 3189 1653 3234 Assederant
1676 3190 1729 3232 ad
1761 3191 1898 3232 focum
1926 3191 2049 3244 pueri
2077 3191 2187 3234 duo:
2236 3227 2244 3247 .-

369 3260 545 3301 quorum
577 3246 684 3288 alter
713 3247 940 3288 Gelimeris
981 3253 1075 3290 erat
1103 3261 1155 3289 ex
1184 3262 1333 3290 sorore
1364 3260 1523 3303 nepos,
1564 3246 1674 3289 alter
1701 3246 1815 3288 filius
1840 3247 2048 3298 feminae,
2076 3262 2188 3303 quae
2234 3290 2239 3295 ,

369 3302 413 3344 in
443 3303 624 3345 cinerem
654 3303 888 3359 placentam
925 3304 1147 3348 iniecerat.
1206 3305 1340 3346 Ambo
1379 3303 1529 3346 rabida
1565 3302 1757 3347 instincti
1787 3305 1924 3358 fame,
1966 3304 2189 3347 inhiabant

369 3360 616 3416 placentae,
643 3361 750 3403 lianc
783 3359 922 3416 parati
951 3375 1119 3416 rapere,
1149 3360 1270 3403 simul
1298 3366 1423 3403 cocta
1450 3360 1683 3403 videretur.
1744 3361 1988 3417 Promptius
2018 3362 2187 3404 irruens

371 3431 480 3472 puer
511 3418 751 3470 Vandalus,
794 3432 884 3460 eam
916 3417 1153 3474 praeripit,
1192 3421 1234 3459 et
1272 3417 1623 3459 ferventissimam
1665 3417 1836 3473 adhuc,
1867 3419 2082 3474 multoque
2110 3419 2187 3460 ob-

372 3474 540 3517 ductam
571 3475 736 3528 cinere,
768 3475 879 3518 fame
908 3474 1077 3527 victus,
1115 3474 1158 3517 in
1189 3487 1236 3517 os
1265 3474 1404 3517 iniicit
1433 3482 1476 3517 et
1506 3475 1720 3518 absorbet.
1778 3475 1828 3518 In
1858 3476 2015 3518 comam
2043 3476 2186 3518 socius
2240 3518 2241 3521 ,
