2254 3814
372 165 498 223 416
1146 163 1482 219 PROCOPII

372 307 437 376 ἢν
477 307 652 379 καιρὸς
686 306 905 377 γένηται.
992 304 1148 368 αὐτὸς
1182 306 1239 359 δὲ
1271 309 1336 378 τῇ
1361 303 1605 380 ὗστεραίᾳ
1630 306 1718 370 ξὺν
1743 310 1818 379 τῷ
1842 307 1971 378 πεζῷ
1999 310 2204 378 στρατῷ

372 396 458 447 καὶ
492 402 601 453 τοῖς
642 392 989 453 πεντακοσίοις
1032 393 1263 445 ἱππεῦσιν
1305 393 1485 446 εἵπετο.
1569 400 1678 454 τοῖς
1716 393 1773 445 δὲ
1811 391 2201 460 Μασσαγέταις,

370 477 796 546 βουλευσαμένοις
834 478 885 529 ἒν
923 477 1096 548 σφίσιν
1125 476 1299 539 αὐτοῖς
1310 517 1328 542 ,
1375 476 1570 543 ἔδοξεν,
1619 476 1758 539 ὅπως
1785 476 1848 543 δὴ
1889 476 2205 539 εἰξυνθετεΐν

373 560 501 633 πρός
525 583 578 615 τε
603 567 652 614 Γ
650 563 854 633 ελίμερα
879 564 964 615 καὶ
985 559 1291 632 Βελισᾶριον
1323 558 1537 628 δόξωσι,
1583 559 1711 632 μήτε
1739 558 1908 630 μάχης
1934 558 2062 631 ὖπὲρ
2080 558 2206 614 Ῥω-

310 655 346 697 Β
374 649 540 715 μαίων
566 646 717 717 ι’ίρξαι
741 645 869 717 μήτε
901 646 1000 716 πρὸ
1025 651 1119 701 τοῦ
1143 646 1291 717 ἔργου
1314 649 1383 709 εἲς
1402 649 1692 710 Βανδίλους
1715 647 1841 699 ἴέναι
1850 687 1868 712 ,
1916 645 2035 699 ἀλλ’
2074 646 2241 700 ἔπει-ξ

371 732 467 786 δὰν
491 730 739 802 ὁποτέρας
762 738 1008 802 στρατιᾶς
1045 731 1109 785 τὰ
1133 728 1411 803 πράγματα
1437 733 1638 803 πονηρὰ
1664 732 1738 802 εἴη
1750 773 1768 798 ,
1802 720 2081 800 τηνικαῦτα
2121 730 2210 794 ξῦν

369 826 479 879 τοῖς
506 823 682 871 νικῶσι
710 817 804 887 τὴν
830 819 1000 881 δίωξιν
1026 816 1104 871 ἐπὶ
1131 817 1254 879 τοὺς
1279 815 1598 886 ἧσσημένους
1620 815 1956 886 ποιήσασθαι.
2043 822 2211 869 ταῦτα

370 903 464 972 μὲν
501 896 591 956 οὖν
624 911 732 966 τοῖς
766 900 1054 974 βαρβάροις
1088 904 1320 957 ἐδέδοκτο
1346 905 1485 975 τῇδε.
1574 900 1600 956 ὃ
1629 905 1685 957 δὲ
1707 901 1968 971 Ῥωμαίων
1991 901 2212 972 στρατὸς

372 987 621 1055 κατέλαβε
671 988 794 1051 τοὺς
840 991 1130 1051 Βανδίλους
1179 990 1230 1042 ἓν
1284 994 1338 1041 Τ
1335 984 1602 1061 ρικαμάρῳ
1650 985 2207 1059 στρατοπεδεύσαντας,

370 1071 757 1145 τεσσαράκοντα
787 1076 871 1127 καὶ
902 1072 1083 1128 ἑκατὸν
1109 1075 1351 1135 σταδίους
1375 1071 1714 1144 Καρχηδόνος
1739 1073 1990 1141 ἀπέχοντι.
2079 1072 2243 1125 ἕνθα1

374 1159 440 1228 δὴ
466 1155 671 1230 μακράν
695 1181 793 1212 που
822 1158 917 1211 ἀπ’
947 1156 1182 1227 ἀλλήλων
1205 1158 1479 1227 ηὐλίσαντο
1505 1156 1746 1227 ἑκάτεροι.
1806 1158 1974 1226 ἐπειδὴ
2002 1159 2058 1210 δὲ
2081 1155 2212 1228 πόρ-

375 1265 450 1314 ρω
486 1239 547 1311 ἦν
581 1233 690 1298 τῶν·
725 1250 951 1308 νυκτῶν,
998 1244 1150 1315 τέρας
1179 1245 1232 1297 ἕν
1257 1249 1330 1315 τῷ
1354 1241 1617 1310 Ῥωμαίων
1644 1243 1975 1315 στρατοπέδῳ
2005 1238 2214 1312 ἐγεγόνει

371 1326 586 1383 τοιόνδε.
673 1334 776 1382 τῶν
807 1326 1041 1399 δοράτων
1076 1328 1251 1391 αὐτοῖς
1271 1327 1336 1382 τὰ
1362 1326 1496 1398 ἄκρα
1517 1330 1639 1399 πυρὶ
1664 1333 1838 1401 πολλῷ
1862 1325 2210 1396 κατελάμπετο

372 1416 458 1467 καὶ
484 1414 654 1467 αὐτῶν
682 1414 737 1466 αἱ
759 1416 938 1483 αι’χμαὶ
961 1415 1203 1467 καίεσθαι
1229 1415 1307 1467 ἐπὶ
1331 1419 1565 1468 πλεῖστον
1591 1416 1765 1485 σφίσιν
1788 1411 2010 1467 ἐδόκουν.
2057 1419 2211 1466 τοῦτο

374 1498 436 1552 οὗ
476 1503 686 1561 πολλοῖς
720 1500 814 1567 μὲν
858 1499 1081 1571 φανερὸν
1117 1499 1341 1570 γέγονεν,
1391 1499 1589 1567 ὀλίγους
1626 1501 1683 1552 δὲ
1714 1499 1834 1561 τοὺς
1857 1499 2245 1567 θεασαμένους1

306 1599 344 1641 C
375 1585 708 1654 κατέπληξεν,
757 1584 850 1638 οὐκ
885 1582 1083 1647 εἰδότας
1108 1583 1207 1654 ὅπη
1241 1582 1524 1653 ἐκβήσεται.
1616 1584 1848 1648 ξυνέπεσε
1873 1586 1928 1638 δὲ
1947 1582 2215 1652 Ῥωμαίοις

367 1676 524 1724 τοῦτο
564 1671 648 1723 καὶ
686 1664 843 1733 αὖθις
881 1671 934 1725 ἒν
959 1671 1151 1745 Ἰταλία
1180 1667 1354 1743 χρόνῳ
1387 1675 1559 1744 πολλῷ
1589 1669 1835 1742 ὕστερον,
1881 1669 1964 1725 ὅτε
1991 1670 2054 1738 δὴ
2087 1669 2213 1724 αὐτὸ

369 1758 454 1809 καὶ
477 1757 618 1825 νίκης
643 1753 924 1823 σύμβολον,
970 1755 1059 1811 ἅτε
1083 1757 1231 1832 πείρᾳ
1256 1753 1444 1820 εἰδότες
1468 1757 1728 1810 ἐπίστευον
1754 1754 1895 1810 εἶναι.
1984 1752 2098 1809 τότε
2125 1754 2210 1823 δὴ,

370 1839 538 1912 ὥσπερ
580 1840 803 1912 εἴρηται,
850 1843 954 1895 ἐπεὶ
993 1847 1198 1914 πρῶτον
1236 1839 1475 1913 ἐγεγόνει,
1518 1838 1907 1912 κατεπλάγησάν
1928 1862 1981 1895 τε
2012 1843 2096 1894 καὶ
2123 1840 2212 1904 ξὺν

370 1926 468 1979 δέει
491 1931 666 1999 πολλῷ
693 1927 1068 1998 ἐνυκτέρευσαν.
2222 1933 2248 1980 2

542 2016 624 2083 Τῇ
668 2012 723 2064 δὲ
758 2010 1002 2088 ὑστεραία
1041 2017 1092 2066 Γ
1088 2013 1253 2083 ελίμερ
1289 2012 1578 2082 Βανδίλους
1616 2011 1803 2066 ἐκέλευε
1837 2007 2025 2074 παῖδάς
2047 2032 2101 2064 τε
2127 2012 2213 2064 καὶ

190 2120 235 2161 H
266 2118 351 2164 124
377 2105 619 2168 γυναῖκας
655 2099 739 2150 καὶ
779 2095 946 2151 πάντα
975 2095 1222 2170 χρήματα
1257 2098 1309 2151 ἓν
1343 2098 1484 2172 μέσῳ
1511 2098 1842 2152 καταθέσθαι
1874 2103 1947 2170 τῷ
1971 2094 2215 2167 χαρακώ-

369 2205 526 2253 ματι,
571 2182 752 2255 καίπερ
793 2180 1037 2255 ὀχύρωμα
1074 2183 1222 2238 οὐδὲν
1258 2182 1454 2252 ἔχοντι,
1505 2186 1591 2238 καὶ
1641 2182 1952 2255 ξυγκαλέσας
1981 2180 2214 2245 ἅπαντας

483 2346 768 2449 6.,πονηίἀ]
798 2346 983 2406 πόνηρα
1011 2349 1066 2393 P.
1217 2349 1263 2392 7.
1293 2343 1608 2408 ἧσσημένους]
1636 2344 1921 2406 ἡσσομένους
1947 2348 2006 2393 H.
2065 2342 2211 2404 ἡσσω-

484 2421 655 2462 μενους
725 2437 736 2450 .

371 2560 489 2605 casio
518 2575 615 2605 sese
647 2562 789 2613 daret,
820 2576 911 2604 eam
937 2559 1166 2619 arriperet.
1224 2560 1326 2619 Ipse
1352 2560 1564 2618 postridie
1587 2575 1681 2605 cum
1711 2561 1910 2619 peditatu
1935 2566 1980 2603 et
2002 2560 2210 2618 quingen-

371 2619 431 2662 tis
462 2619 682 2675 equitibus
711 2626 886 2662 secutus
914 2626 994 2662 est.
1053 2621 1358 2675 Massagetae,
1407 2619 1555 2662 habito
1583 2619 1696 2662 inter
1723 2633 1773 2661 se
1803 2618 2004 2670 consilio,
2045 2627 2092 2661 ut
2120 2626 2211 2660 tum

372 2676 598 2728 Gelimeri,
629 2682 718 2719 tum
743 2677 953 2719 Belisario
978 2681 1201 2732 praestare
1230 2676 1358 2719 fidem
1386 2675 1655 2730 viderentur,
1686 2681 1943 2729 statuerant,
1977 2676 2031 2719 ab
2059 2675 2212 2718 ineun-

370 2733 426 2776 da
455 2747 533 2789 pro
563 2733 764 2777 Romanis
795 2749 940 2791 pugna
970 2748 1017 2776 se
1046 2733 1291 2785 continete,
1328 2747 1408 2776 nec
1439 2733 1654 2777 Vandaios
1685 2733 1802 2790 prius
1832 2732 2040 2788 aggredi,
2082 2735 2220 2788 quam'

369 2802 441 2833 res
471 2789 628 2834 affecta
658 2797 795 2842 esset3
848 2793 926 2834 sed
955 2805 1048 2833 cum
1089 2791 1225 2834 altera
1251 2791 1422 2834 labaret
1460 2789 1601 2842 acies,
1651 2804 1746 2833 cum
1775 2790 2009 2833 victoribus
2048 2789 2210 2832 instare

370 2846 514 2889 victis.
573 2847 623 2889 Id
653 2849 820 2903 quidem
849 2848 1051 2892 Barbaris
1092 2848 1373 2891 deliberatum
1403 2857 1524 2890 erat:
1571 2847 1784 2891 Romanus
1824 2851 1963 2890 autem
1993 2846 2207 2889 exercitus

368 2903 590 2946 Vandalos
619 2905 825 2958 offendit,
855 2911 1036 2948 metatos
1063 2904 1109 2948 in
1138 2905 1408 2956 Tficamaro,
1438 2904 1552 2947 unde
1581 2904 1734 2948 stadiis
1764 2917 1862 2946 οη.
1890 2904 2110 2958 Carthago
2142 2902 2214 2945 di-¹

369 2963 471 3004 stat.
530 2960 597 3002 Ibi
626 2963 825 3017 utrique,
855 2963 1006 3019 procul
1035 2962 1217 3006 invicem
1250 2961 1390 3004 dissiti
1420 2966 1586 3004 noctem
1617 2967 1819 3016 egeruntz
1861 2974 1944 3015 qua
1972 2960 2056 3003 iam
2085 2959 2210 3002 adul·-

368 3023 442 3066 ta,
490 3016 534 3059 in
564 3017 686 3060 Rom.
718 3020 869 3062 castris
910 3026 1157 3076 portentum
1195 3026 1334 3062 ortum
1374 3023 1441 3060 est
1479 3017 1783 3062 huiuscemodi.
1851 3016 2030 3060 Summis
2070 3015 2208 3059 hastis

367 3074 520 3117 multus
550 3073 663 3129 ignis
693 3077 887 3127 emicuit,
927 3078 990 3118 ita
1019 3083 1067 3118 ut
1095 3077 1326 3133 pleraeque
1347 3074 1546 3143 cuspides
1574 3073 1730 3117 ardere
1756 3072 2019 3117 viderentur.
2078 3072 2208 3116 Haud
2236 3107 2238 3110 v

368 3131 488 3174 multi
519 3131 688 3187 quidem
714 3132 1024 3177 adverterunt:
1056 3134 1185 3190 pauci
1215 3147 1334 3184 vero,
1363 3145 1437 3188 qui
1465 3145 1554 3174 rem
1583 3135 1845 3186 spectarunt,
1876 3131 2062 3184 attoniti,
2091 3130 2207 3173 illius

370 3192 568 3231 eventum
597 3187 868 3245 ignorabant.
928 3191 1046 3232 Idem
1075 3189 1279 3233 Romanis
1307 3189 1437 3231 multo
1467 3191 1568 3244 post
1596 3187 1778 3243 contigit
1807 3187 1851 3229 in
1881 3187 2032 3231 Italia=
2065 3201 2116 3230 ac
2145 3187 2207 3230 si-

368 3246 414 3288 bi
443 3251 531 3288 tum
561 3252 889 3303 persuaserunt,
934 3247 1203 3302 experientia
1233 3245 1375 3298 docti,
1428 3243 1627 3300 portendi
1657 3244 1895 3287 victoriam.
1967 3245 2097 3287 Nunc
2127 3258 2206 3286 au-

367 3306 479 3354 tem,
514 3306 564 3344 ut
593 3302 752 3346 dictum
783 3309 878 3356 est,
909 3309 1079 3346 ostento
1110 3302 1183 3344 illo
1214 3301 1392 3357 primum
1422 3300 1564 3344 oblato
1592 3301 1807 3359 perculsi,
1838 3306 1931 3344 tota
1958 3307 2083 3345 nocte
2111 3305 2204 3344 tre·
2228 3305 2245 3346 ,“

399 3359 588 3403 idarunt.

367 3373 397 3417 P
482 3414 699 3460 Postridie
727 3415 933 3459 Vandalis
962 3415 1099 3460 edixit
1128 3414 1332 3466 Gelimer,
1361 3417 1411 3456 ut
1438 3413 1611 3467 liberos,
1641 3427 1812 3466 uxores,
1847 3428 2005 3457 omnem
2041 3428 2095 3456 ue
2124 3427 2204 3469 pe-

369 3473 535 3518 cuniam
576 3474 622 3517 in
648 3473 800 3518 mediis
840 3474 1019 3529 castris,
1064 3473 1254 3532 quamvis
1289 3471 1542 3526 immunius,
1581 3474 1868 3530 reponerent:
1914 3477 1959 3515 et
1988 3485 2012 3514 a
2049 3476 2200 3514 vocata
