2184 3822
331 248 358 303 1
370 249 406 303 8
1077 240 1219 293 PRO
1225 239 1409 293 COPII

323 387 417 453 μὲν
444 383 512 448 ὥς
538 378 836 456 ἁρπάσοντα
853 419 870 446 ,
902 378 1139 447 ·ὲ’μπεσεΐν
1179 380 1236 433 δὲ
1271 379 1322 442 ἒς
1350 373 1620 448 κατώρυχα
1649 380 1872 445 βαθεῖαν
1901 370 2140 442 μάλιστα,

260 482 298 524 C
327 468 447 524 ὁδὸν
471 472 743 536 κυκλοτερῆ
781 465 995 533 ἔχουσαν
1020 458 1200 533 στενήν
1223 485 1276 518 τε
1309 466 1392 517 καὶ
1418 463 1476 517 οὗ
1501 459 1902 531 πεπερασμένην,
1949 459 2144 530 (διέξο-

322 558 413 608 δον
441 554 539 625 γὰρ
565 552 767 618 οὐδαμῆ
794 547 950 619 εἶχεν)
987 548 1050 617 ἣν
1077 549 1140 618 δὴ
1170 549 1218 602 οἶ
1243 554 1335 602 τοῦ
1361 545 1550 620 τράγου
1575 544 1737 615 κύριοι
1761 545 2040 612 ἐξεπίτηδες
2059 564 2142 595 τε·

195 651 238 694 Η
267 650 295 696 4
320 635 628 707 χνησάμενοι
679 632 902 703 ὕπερθεν
951 638 1044 701 τῆς
1083 631 1377 705 κατώρυχος
1421 633 1509 686 τὸν
1553 629 1738 700 τράγον
1779 631 2036 682 τεθείκασι
2067 632 2141 699 τῷ

320 723 482 776 λέοντι
508 715 870 790 ποδοστράβην
898 712 1151 787 ἓσόμενον.
1239 723 1403 772 ταῦτα
1427 712 1658 784 Περόζης
1688 712 1912 776 ἀκούσας
1954 715 2005 775 ἐς
2029 713 2184 774 δέος5

317 802 449 875 ἦλθε
470 802 544 874 μή
566 825 688 859 ποτε
716 805 899 872 Μῆδοι
921 804 999 856 ἐπὶ
1024 808 1231 876 πονηρῷ
1254 809 1326 876 τῷ
1351 801 1577 873 σφετέρῳ
1603 800 1696 868 τὴν
1722 802 1889 862 δίωξιν
1921 799 1999 850 ε’πὶ
2021 798 2142 858 τοὺς

317 893 588 958 πολεμίους
622 890 935 958 πεποίηνται.
1023 891 1107 942 καὶ
1136 886 1311 959 πρόσω
1333 889 1426 956 μὲν
1465 885 1627 939 οὗκέτι
1650 882 1850 954 ε’χώρει,
1896 883 2058 950 μένων
2087 883 2142 934 δὲ

318 975 479 1029 αὐτοῦ
503 975 567 1029 τὰ
591 971 821 1044 παρόντα
850 973 902 1026 ἔν
925 978 1090 1045 βουλῇ
1111 974 1342 1028 ε’ποιεΐτο.
1422 965 1606 1025 Οὗννοι
1631 971 1686 1022 δὲ
1711 968 1810 1037 ἤδη
1835 965 2066 1036 ἑπόμενοι
2087 967 2141 1019 ἔκ

315 1067 408 1114 τοῦ
436 1062 697 1130 ε’μφανοῦς
718 1063 810 1112 τοῦ
831 1054 1003 1130 χώρου
1022 1059 1120 1131 ,τὴν
1157 1058 1355 1111 εἶ’σοδον
1382 1056 1433 1110 ἓν
1458 1059 1661 1127 φυλακῇ
1686 1052 1835 1123 ε’ῗχον,
1883 1051 2018 1115 ὅπως
2036 1074 2140 1121 μη-

315 1146 416 1197 κέτι
459 1145 507 1198 οἱ
531 1143 760 1211 πολέμιοι
786 1142 948 1196 ὄπίσω
985 1140 1278 1197 ἀπελαύνειν
1312 1139 1413 1195 οἷοί
1449 1162 1502 1195 τε
1535 1135 1644 1194 ὦσι.
1735 1141 1818 1192 καὶ
1856 1138 1903 1191 οἶ
1939 1138 2184 1207 Πέρσαιιε

249 1238 290 1281 D
319 1227 432 1283 τότε
457 1218 525 1298 δῆ
547 1233 795 1298 λαμπρῶς
832 1225 1129 1296 αἰσθόμενοι
1152 1221 1210 1281 οῗ)
1230 1223 1362 1296 ἦσαν
1385 1231 1543 1279 κακοῦ
1569 1225 1620 1278 ἔν
1642 1228 1888 1297 συμφορᾷ
1911 1223 2141 1276 ε’ποιοῦν-

313 1335 373 1367 το
399 1314 465 1367 τοὶ
505 1310 736 1383 παρόντα
779 1312 952 1382 σφίσι,
1001 1309 1369 1384 διαφεύξεσθαι
1404 1311 1493 1364 τὸν
1519 1310 1750 1363 κίνδυνον
1780 1310 1832 1362 ἓν
1859 1310 2019 1360 ἐλπίδι
2049 1306 2138 1360 οὗ-

313 1401 462 1472 δεμιᾷ
491 1397 551 1451 τὸ
579 1397 752 1451 λοιπὸν
776 1396 988 1464 ἔχοντες.
1059 1395 1084 1450 ὃ
1116 1398 1170 1450 δὲ
1194 1403 1294 1450 τῶν
1312 1396 1640 1467 Ἐφθαλιτῶν
1665 1393 1904 1462 βασιλεὺς
1931 1393 2140 1459 πέμψας

312 1483 454 1553 παρὰ
491 1479 726 1552 Περόζην
747 1486 850 1533 τῶν
874 1481 921 1534 οἳ
946 1479 1198 1549 ἑπομένων
1232 1481 1390 1545 τινὰς,
1436 1479 1602 1532 πολλὰ
1623 1480 1716 1547 μὲν
1738 1478 1879 1551 αὐτῷ
1903 1475 2139 1547 θράσους

311 1567 424 1638 πέρι
451 1566 720 1635 ἀλογίστου
766 1565 1016 1618 ὠνείδισεν
1027 1606 1045 1631 ,
1094 1565 1190 1636 ἀφ’
1234 1557 1294 1619 οὗ
1333 1564 1396 1632 δὴ
1432 1560 1586 1618 αὓτόν
1613 1585 1667 1617 τε
1703 1565 1786 1617 καὶ
1824 1563 1884 1616 τὸ
1917 1556 2184 1634 Περσῶνίὶ

308 1652 449 1721 γένος
477 1648 651 1724 κόσμῳ
678 1649 842 1704 οὗδενὶ
870 1650 1226 1721 διαφθείρειεν,
1275 1645 1509 1703 ἐνδώσειν
1545 1648 1601 1701 δὲ
1626 1650 1710 1702 καὶ
1748 1647 1816 1710 ὣς
1839 1647 1932 1716 τὴν
1968 1669 2137 1715 σωτη-

309 1738 423 1806 ρίαν
453 1734 680 1797 Οὕννους
703 1734 878 1797 αὐτοῖς
903 1734 1247 1806 ἐπηγγέλλετο,
1291 1733 1355 1804 ἤν
1379 1754 1432 1804 γε
1454 1730 1611 1787 αὐτόν
1633 1754 1686 1786 τε
1711 1731 1942 1804 Περόζης
1973 1751 2137 1804 προσ-

306 1828 472 1874 κυνεῖν
497 1816 737 1888 βούλοιτο
777 1817 865 1873 ἅτε
893 1818 1142 1889 δεσπότην
1166 1818 1485 1888 γεγενημένον
1511 1819 1595 1871 καὶ
1636 1816 1818 1889 ὅρκους
1843 1817 1964 1880 τούς
1990 1820 2135 1889 σφίσι
2172 1823 2184 1883 ,ἶ

305 1907 553 1977 πατρίους
579 1904 737 1973 ὄμνύς
766 1903 830 1956 τὰ
859 1905 1014 1957 πιστὰ
1044 1906 1176 1973 δοίη,
1222 1902 1294 1973 μή
1322 1925 1442 1958 ποτε
1464 1902 1677 1973 Πέρσας
1701 1904 1779 1955 ἐπὶ
1802 1903 1861 1958 τὸ
1883 1902 2136 1974 Ἐφθαλι-
2175 1890 2184 1928 ⁴·

306 1995 410 2043 τῶν
446 1988 599 2052 ἔθνος
626 1985 1049 2060 στρατεύσεσθαι.
1138 1995 1303 2042 ταῖτα
1331 1989 1431 2041 ἐπεὶ
1453 1985 1686 2059 Περόζης
1712 1986 1896 2057 ἤκουσε
1910 2029 1925 2053 ,
1958 1929 2184 2058 μάγων]

308 2083 416 2136 τοῖς
459 2078 681 2144 παροῦσι
719 2071 1204 2144 κοινολογησάμενος
1237 2071 1617 2127 ἀνεπυνθάνετο
1660 2074 1703 2125 εἲ
1739 2073 1803 2125 τὰ
1831 2071 2134 2142 ἔπαγγελλό-

304 2180 433 2227 μενα
457 2159 586 2232 πρὸς
616 2163 720 2212 τῶν
742 2159 981 2213 ἐναντίων
1022 2159 1232 2230 ποιητέα
1270 2158 1362 2228 εἴη.
1450 2158 1499 2212 οἱ
1526 2158 1582 2211 δὲ
1615 2154 1770 2229 μάγοι
1800 2157 2131 2230 ἀπεκρίναντο
2167 2151 2184 2243 ‘5³

421 2338 488 2380 12.
530 2332 867 2390 διαφεύξεσθαι
896 2337 946 2379 Α.
1007 2335 1353 2392 διαφεύξασθαι
1380 2336 1434 2380 Ρ.
1608 2334 1678 2380 14.
1726 2333 1936 2390 θράσους
1962 2335 2063 2393 πέρι
2093 2338 2130 2380 Α
2176 2298 2181 2364 ἶ

420 2406 532 2435 corr.
559 2394 661 2449 περὶ
690 2390 899 2450 θράσους
925 2394 978 2439 P.
1094 2397 1162 2440 15.
1194 2394 1246 2438 τὸ
1276 2394 1455 2451 περσιόν
1483 2394 1535 2440 Α.
1591 2395 1685 2438 τῶν
1713 2395 1904 2451 Περσῶν
1932 2394 1986 2437 Ρ.
2164 2411 2181 2459 ss?

301 2548 516 2591 balantem
558 2546 791 2589 incurrisse
830 2548 993 2590 leonem
1034 2547 1170 2600 dixit,
1212 2549 1494 2604 obiectaeque
1521 2547 1645 2606 dapis
1674 2549 1872 2606 cupidine
1900 2552 2038 2592 actum
2066 2549 2130 2594 ita
2175 2540 2179 2578 '¹

304 2604 473 2661 quidem
500 2603 714 2646 insiluisse
743 2610 791 2645 ut
817 2612 1018 2661 rapturus
1047 2605 1294 2659 videretur3
1331 2606 1375 2648 in
1413 2607 1571 2648 fossam
1599 2619 1702 2649 vero
1729 2607 1940 2648 decidisse
1970 2607 2130 2649 altissi-
2182 2612 2184 2658 ζ

302 2674 438 2711 mam3
477 2673 590 2716 quae
627 2661 840 2703 tramitem
878 2668 996 2703 certe
1038 2663 1353 2706 circumflexum
1390 2662 1606 2715 habebat,-
1643 2662 1720 2705 sed
1749 2670 1972 2718 angustum
2002 2665 2128 2707 valde
2152 2665 2184 2716 s*

302 2733 383 2761 nec
409 2718 530 2760 foras
559 2717 772 2773 pervium,
812 2724 860 2760 ut
897 2718 972 2772 qui
1002 2720 1054 2761 ab
1085 2720 1195 2763 omni
1225 2725 1349 2778 parte
1377 2725 1545 2762 careret
1572 2719 1705 2765 exitu.
1763 2720 1838 2762 Sic
1867 2734 2014 2776 nempe
2044 2722 2128 2763 du-
2143 2723 2175 2775 'j

301 2779 396 2817 ctus
425 2774 611 2816 consulto
639 2774 785 2817 fuerat
813 2774 866 2816 ab
895 2775 1004 2816 birci
1035 2776 1239 2831 dominis,
1281 2783 1327 2820 et
1362 2776 1432 2819 hic
1472 2790 1604 2833 supra
1633 2777 1826 2820 scrobem
1854 2777 1917 2819 ita
1944 2778 2126 2830 locatus,
2148 2778 2175 2810 θ’

300 2837 350 2873 ut
391 2829 459 2874 leo
499 2835 742 2887 caperetur.
800 2831 922 2872 Haec
963 2831 1037 2874 ubi
1079 2835 1263 2877 Perozes
1290 2833 1449 2885 audiit,
1487 2833 1629 2876 vereri
1655 2834 1800 2889 coepit
1827 2848 1881 2876 ne
1907 2835 1951 2876 in
1980 2835 2155 2892 perui-²

299 2886 556 2931 ciemMedi
584 2900 703 2931 suam
731 2887 946 2940 ruissent,
987 2889 1148 2932 hostem
1177 2890 1448 2947 insequendo.
1504 2890 1602 2933 Nec
1635 2903 1762 2946 porro
1792 2892 2005 2947 perrexit3
2045 2893 2124 2936 sed

301 2945 451 2987 eodem
487 2942 571 2986 loci
607 2945 898 3000 temporisque
935 2945 1123 3001 vestigio
1158 2946 1346 2991 instituit
1383 2960 1477 2990 cum
1514 2961 1563 2990 re
1605 2948 1821 3004 praesenti
1867 2949 2147 2992 deliberare.

302 3001 421 3044 Ecce
449 3005 591 3043 autem
622 3015 649 3043 a
676 3007 802 3055 tergo
833 3001 981 3044 Hunni
1010 3016 1056 3044 se
1085 3004 1268 3059 prodere
1296 3009 1341 3047 et
1369 3017 1423 3047 ex
1454 3009 1606 3060 aperto
1635 3004 1788 3048 montis
1810 3006 1957 3048 fauces
1979 3013 2124 3050 custo-

303 3058 425 3109 dire,
468 3071 551 3112 quo
588 3062 807 3114 receptum
845 3058 958 3100 hosti
997 3061 1335 3116 praecluderent.
1390 3061 1502 3103 Tum
1541 3060 1703 3104 demum
1746 3061 1906 3104 Persae
1939 3062 1983 3104 in
2013 3077 2124 3118 quae

302 3114 414 3156 mala
451 3113 721 3156 devenissent
754 3114 1022 3172 perspicere,
1076 3116 1300 3174 deplorare
1340 3122 1605 3174 praesentem
1643 3118 1806 3170 vicem,
1858 3133 1909 3160 ac
1943 3120 2141 3174 periculi

301 3171 445 3226 fugam
482 3170 727 3225 desperare.
785 3173 844 3214 At
884 3171 982 3214 Rex
1021 3172 1364 3230 Ephthalitarum
1406 3173 1544 3217 missis
1581 3174 1635 3217 ad
1673 3175 1874 3218 Perozem
1903 3175 2066 3231 aliquot
2095 3191 2122 3220 e

301 3230 389 3270 suis
427 3227 624 3280 asseclis,
666 3228 939 3270 vehementer
966 3228 1030 3270 illi
1057 3232 1335 3286 exprobravit
1361 3230 1714 3274 inconsideratam
1752 3231 1996 3285 audaciam,
2038 3243 2140 3290 qual

302 3298 350 3327 se
378 3291 631 3339 gentemque
657 3297 773 3327 suam
802 3285 929 3327 foede
957 3285 1167 3342 perditum
1194 3288 1361 3330 ivisset.
1414 3288 1596 3330 Hunnos
1622 3294 1762 3330 tamen
1791 3303 1989 3344 parsuros
2017 3305 2120 3346 pro·
2143 3314 2147 3337 ς

301 3340 443 3392 misit,
470 3340 510 3383 si
537 3341 660 3384 modo
689 3341 783 3398 ipse
811 3356 837 3384 a
866 3343 1028 3385 Peroze
1055 3348 1254 3400 tanquam
1283 3343 1474 3388 dominus
1502 3344 1776 3396 adoraretur,
1807 3346 2016 3402 fidemque
2041 3361 2120 3402 pa-

300 3397 386 3441 trio
418 3397 585 3440 illorum
623 3402 887 3441 sacramento
921 3399 1182 3443 authoratam
1220 3402 1463 3459 acciperet,
1513 3415 1724 3458 nunquam
1772 3403 1928 3445 Persas
1966 3404 2116 3447 bellum

301 3453 567 3511 Ephthalitis
615 3454 825 3498 illaturos.
899 3455 1067 3505 Quibus
1105 3457 1290 3500 Perozes
1338 3457 1522 3511 auditis,
1569 3459 1750 3514 MagoS,
1805 3460 1878 3515 qui
1921 3460 2161 3513 aderant,

301 3511 551 3565 consulens,
590 3525 689 3556 num
727 3512 830 3557 data
866 3512 1108 3558 conditione
1144 3515 1342 3559 utendum
1382 3521 1499 3559 esset
1535 3516 1719 3572 rogavit.
1785 3516 2047 3574 Responsum
2087 3531 2157 3578 ⁸⁴³..

2141 3581 2161 3598 ,.

2128 3599 2163 3822 311
