2184 3822
221 199 339 259 174
957 202 1289 257 PROCOPII

215 343 335 407 τοὺς
361 343 449 407 ξὺν
483 343 620 416 αὐτῷ
646 340 874 404 ἅπαντας
893 340 1171 414 χαίροντάς
1204 364 1259 397 τε
1287 345 1371 397 καὶ
1398 342 1543 397 οὐδὲν
1572 339 1800 404 δεδιότας
1821 352 1928 405 τοῖς
1955 342 2034 396 ἕν-

215 433 305 483 δον
335 430 576 500 ὀφθῆναι.
665 427 866 479 ἐπειδὰν
904 429 960 480 δὲ
991 429 1040 481 οἳ
1075 426 1298 499 φύλακες
1334 429 1689 489 ἆνακλίναντες
1726 427 1820 495 τὴν
1847 429 2034 481 πυλίδα

211 521 304 582 τῆς
328 513 519 574 πόλεως
546 512 734 572 αὐτοὺς
757 512 976 582 μέλλωσι
1002 515 1258 581 δέχεσθαι,
1305 516 1456 566 λίθον
1486 513 1597 566 τινὰ
1625 512 1655 580 ἢ
1685 510 1834 575 ξύλον
1861 518 1954 564 τοῦ
1980 534 2034 565 τε

214 600 368 652 οὐδοῦ
402 601 483 650 καὶ
514 603 604 665 τῆς
630 594 801 667 θύρας
822 598 1013 664 μεταξὺ
1034 598 1288 670 ῥίψαντας
1314 598 1372 651 οὗ
1399 602 1666 668 ξυγχωρεῖν
1690 599 2029 663 ἐπιτίθεσθαι,

64 689 100 731 Ρ
129 691 184 734 99
217 684 345 736 ἀλλὰ
377 685 459 735 καὶ
494 682 678 743 αὐτοὺς
716 691 823 744 τοῖς
863 684 1107 737 ἐπιθεῖναι
1133 684 1460 751 βουλομένοις
1487 681 1676 754 χρόνον
1712 681 1774 750 δή
1803 704 1915 735 τινα
1943 683 2077 749 {pc-5

215 768 385 822 ποδῶν
420 769 702 820 ἵστασθαι·
762 767 853 820 οὒκ
884 770 934 830 ἐς
964 769 1167 839 μακρὰν
1210 768 1306 838 γὰρ
1341 768 1514 829 αὐτοῖς
1550 768 1641 821 τὸν
1666 767 1885 838 στρατὸν
1915 767 2037 834 ἕψε-

215 860 359 907 σθαι.
448 858 613 905 ταῦτα
653 861 760 914 τοῖς
802 851 1045 924 ἀνδράσιν
1084 852 1110 906 ὃ
1138 851 1383 924 Χοσρόης
1417 851 1759 920 ἐντειλάμενος
1785 853 1837 905 ἓν
1865 873 2036 922 παρα-

215 944 367 1009 σκευῇ
408 937 496 990 τὸν
534 938 754 1008 στρατὸν
795 939 1006 992 ἐποιεῖτο
1019 980 1036 1004 ,
1096 936 1271 1011 δρόμῳ
1306 960 1359 990 τε
1393 947 1576 1008 χωρεῖν
1618 939 1696 990 ἐπὶ
1736 937 1831 1004 τὴν
1869 934 2031 1002 πόλιν,

217 1023 340 1078 ὅταν
373 1023 527 1084 αὐτὸς
565 1022 796 1093 σημήνῃ,
845 1025 1074 1077 ἐκέλευεν.
1165 1025 1265 1076 ἐπεὶ
1299 1025 1354 1076 δὲ
1390 1023 1602 1092 ἄγχιστα
1644 1027 1735 1075 τοῦ
1766 1021 2034 1092 περιβόλου

217 1110 466 1178 ἐγένοντο,
513 1109 562 1161 οἶ
588 1109 680 1174 μὲν
705 1107 903 1178 Πέρσαι
931 1109 1019 1161 τὸν
1055 1110 1325 1161 ἐπίσκοπον
1361 1101 1707 1174 ἀσπασάμενοι
1745 1107 1887 1168 ἐκτὸς
1924 1107 2036 1173 ε’με-
2054 1116 2108 1158 10

216 1217 335 1259 νον,
383 1195 431 1246 οἳ
455 1194 509 1245 δὲ
534 1196 785 1263 Σουρῆνοὶ
821 1199 1066 1263 περιχαρῆ
1098 1193 1188 1246 τὸν
1222 1194 1384 1264 ἄνδρα
1424 1191 1640 1263 δρῶντες
1659 1190 1923 1262 γενόμενον
1953 1192 2040 1255 ξὺν

216 1285 338 1349 τιμῇ
362 1300 414 1331 τε
438 1283 599 1348 πολλῇ
623 1276 1044 1348 προπεμπόμενον
1074 1279 1201 1349 πρὸς
1228 1284 1330 1331 τῶν
1369 1279 1648 1343 πολεμίων,
1697 1274 2039 1347 ἄφροντιστή-

216 1385 396 1425 σαντες
427 1362 686 1416 δυσκόλων
722 1361 961 1416 ἁπάντων
995 1359 1089 1430 τήν
1127 1385 1179 1416 τε
1213 1365 1400 1415 πυλίδα
1438 1362 1559 1431 ὅλην
1587 1361 1804 1435 ἀνέῳγον
1833 1364 1916 1415 καὶ
1950 1362 2039 1415 τὸν

216 1449 348 1517 ἱερέα
386 1449 474 1511 ξῦν
510 1456 614 1508 τοῖς
647 1447 905 1514 ἑπομένοις
944 1448 1242 1519 κροτοῦντές
1277 1470 1330 1500 τε
1363 1451 1447 1500 καὶ
1491 1447 1658 1500 πολλὰ
1697 1447 2042 1518 εὐφημοῦντες

214 1535 466 1596 ἐδέξαντο.
555 1535 663 1585 ἐπεί
694 1554 746 1585 τε
781 1531 1000 1595 ἅπαντες
1038 1533 1156 1586 εἴσω
1194 1533 1447 1603 ἐγένοντο,
1507 1532 1601 1602 τὴν
1629 1534 1723 1599 μὲν
1757 1534 1944 1585 πυλίδα
1970 1530 2040 1594 ὥς
2057 1545 2109 1588 15
2153 1522 2161 1538 “

215 1617 550 1685 ἔπιθῆσοντες
592 1618 639 1670 οἱ
678 1615 901 1688 φύλακες
935 1618 1141 1684 ὤθουν,
1190 1619 1240 1672 οἳ
1262 1620 1316 1671 δὲ
1339 1619 1538 1689 Πέρσαι
1562 1620 1739 1682 λίθον,
1786 1616 1842 1679 ὃς
1869 1617 2043 1679 αὐτοῖς

215 1702 624 1773 παρεσκεύαστο,
670 1705 721 1755 ἓν
757 1704 895 1776 μέσῳ
930 1704 1214 1773 ἐρρίπτουν.
1304 1706 1357 1756 οἵ
1388 1725 1441 1757 τε
1480 1701 1699 1774 φύλακες
1736 1701 1807 1755 ἔτι
1844 1707 2043 1771 μᾶλλον

139 1800 177 1842 Β
219 1789 476 1850 ὥθοῦντὲς
514 1809 567 1840 τε
605 1791 687 1840 καὶ
726 1787 1015 1856 βιαζόμενοι
1055 1791 1356 1851 ἐξικνεῖσθαι
1397 1794 1461 1859 τῇ
1497 1791 1668 1840 πυλίδι
1703 1788 1754 1849 ἐς
1775 1787 1864 1841 τὸν
1889 1787 2042 1840 οὐδὸν

218 1875 420 1942 οὐδαμῆ
446 1874 638 1940 ἴσχυον.
729 1874 788 1926 οὗ
817 1874 920 1942 μὴν
961 1874 1079 1926 οὐδὲ
1109 1872 1394 1942 ἀνοιγνύναι
1421 1873 1582 1940 αὐτὴν
1614 1867 1771 1934 αὖθις
1795 1869 2038 1939 ἐτόλμων,

216 1962 318 2012 ἐπεὶ
344 1959 472 2026 πρὸς
495 1964 596 2010 τῶν
615 1961 866 2025 πολεμίων
892 1958 1053 2026 αὐτὴν
1074 1957 1280 2026 ἔχεσθαι
1302 1957 1552 2029 ᾔσθοντο.
1638 1959 1768 2019 τινὲς
1795 1958 1850 2010 δὲ
1878 1957 1938 2010 οὗ
1962 1959 2112 2016 21-20
2138 1981 2169 2013 ⁴,

218 2052 345 2110 θον,
406 2043 536 2096 ἀλλὰ
585 2040 734 2104 ξίλον
775 2044 986 2113 Πέρσας
1019 2046 1070 2105 ἐς
1110 2044 1204 2112 τὴν
1237 2044 1424 2095 πυλίδα
1466 2044 1622 2114 φασὶν
1669 2044 2040 2112 ἐμβεβλῆσθαι.

220 2130 358 2183 οἷ’πω
387 2130 441 2181 δὲ
471 2134 747 2197 Σουρηνῶν
784 2127 961 2196 σχεδόν
984 2150 1033 2181 τι
1063 2134 1156 2196 τῆς
1191 2130 1463 2196 ἐπιβουλῆς
1490 2128 1797 2199 ᾐσθημένων
1806 2169 1823 2194 ,
1873 2134 2043 2198 παρῆν

219 2237 272 2268 τε
297 2220 367 2290 τῷ
392 2216 541 2267 παντὶ
567 2211 594 2267 ὃ
616 2211 861 2283 Χοσρόης
898 2219 1102 2287 στρατῷ
1124 2216 1208 2266 καὶ
1239 2213 1333 2281 τὴν
1362 2216 1548 2267 πυλίδα
1573 2213 1620 2267 οἶ
1643 2209 1901 2285 βάρβαροι
1920 2219 2042 2282 βια-

336 2425 375 2465 1.
405 2418 685 2477 χαίροντας]
711 2376 957 2476 χαίρονξῗς
983 2418 1034 2462 L.
1175 2419 1280 2462 ibid.
1311 2434 1359 2463 τε
1389 2434 1468 2463 om.
1501 2419 1549 2462 L.
1678 2417 1747 2464 14.
1775 2419 2043 2472 κροτοῦντες

334 2480 386 2523 L.
417 2479 690 2536 κρατοῦντες
706 2479 755 2519 Ρ.
821 2481 892 2524 22.
914 2474 1210 2535 ᾐσθημένων]
1240 2477 1534 2534 nicomadum
1554 2478 1604 2520 L.
1663 2479 1735 2523 23.
1751 2493 1798 2522 τε
1812 2479 1908 2521 HL.
1923 2477 1972 2523 δὲ
1988 2480 2040 2522 P.

219 2634 444 2679 viderent:
483 2634 574 2677 ubiv
597 2646 702 2676 vero
746 2634 947 2678 custodes
975 2638 1168 2677 reserata
1197 2637 1323 2692 porta
1352 2639 1552 2690 pararent
1580 2633 1676 2677 illos
1704 2634 1929 2691 excipere,
1957 2635 2045 2694 ipsi

218 2693 366 2750 lapide
397 2691 567 2747 lignove
596 2691 739 2745 aliquo
770 2692 885 2734 inter
923 2692 1048 2733 limen
1079 2706 1130 2734 ac
1158 2693 1274 2734 fores
1315 2691 1498 2734 immisso
1528 2692 1695 2735 occludi
1725 2706 1810 2735 non
1839 2693 2043 2747 sinerent,

219 2756 263 2792 et
293 2749 453 2791 obdere
491 2749 730 2791 volentibus
771 2749 1019 2804 aliquandiu
1045 2750 1366 2791 obniterentur:
1406 2761 1501 2790 mox
1531 2749 1639 2791 enim
1667 2750 1803 2792 affore
1834 2749 1941 2793 dixit
1968 2765 2045 2794 ex-

219 2807 407 2850 ercitum.
467 2806 575 2847 Cum
606 2819 678 2846 eos
709 2805 922 2848 Chosroes
950 2805 1224 2848 instruxisset
1252 2805 1368 2848 hisce
1387 2805 1610 2857 mandatis,
1643 2806 1832 2850 accinxit
1859 2809 2043 2863 agmina,

216 2863 423 2918 iussitque
463 2862 517 2904 ad
560 2863 706 2904 urbem
755 2877 1011 2905 concurrere
1056 2863 1158 2905 dato
1200 2863 1337 2919 signo.
1394 2864 1459 2905 Ut
1489 2863 1677 2919 proxime
1706 2878 1844 2907 muros
1871 2871 2044 2908 ventum

218 2926 311 2971 est,
351 2921 512 2962 Persae
550 2918 717 2974 quidem
759 2919 944 2962 salutato
976 2919 1193 2976 Episcopo
1223 2926 1382 2962 stetere
1410 2921 1538 2969 foris;
1584 2921 1739 2962 Sureni
1768 2936 1872 2964 vero
1901 2936 2046 2965 cumu-

217 2978 347 3020 latum
377 2977 533 3032 gaudio
563 2975 699 3018 virum
729 2981 772 3018 et
802 2978 855 3019 ab
888 2977 1076 3019 hostibus
1108 2976 1417 3033 perhonorifice
1456 2978 1683 3020 deductum
1711 2978 2039 3035 conspicientes,

218 3034 516 3076 difficultatum
547 3033 726 3074 omnium
755 3034 919 3085 securi,
953 3041 1066 3076 totas
1097 3035 1283 3090 pandunt
1309 3035 1451 3086 fora,
1481 3034 1812 3090 Praesulemque
1843 3050 1936 3078 cum
1967 3051 2042 3080 co-

218 3092 366 3134 mitatu
410 3090 670 3146 amplexibus
700 3094 743 3131 et
785 3091 1158 3133 acclamationibus
1196 3091 1350 3133 faustis
1379 3091 1609 3148 excipiunt.
1668 3091 1845 3134 Cunctis
1875 3093 2040 3139 demum

218 3147 451 3204 ingressis,
481 3148 678 3188 custodes
705 3147 924 3201 impellunt
955 3150 1129 3198 valvas,
1160 3155 1208 3190 ut
1236 3148 1460 3190 claudant:
1501 3147 1694 3203 protinus
1724 3149 1882 3192 Persae
1911 3165 2042 3208 para-

218 3212 305 3248 tum
337 3204 520 3260 lapidem
549 3203 826 3245 interiiciunt.
889 3205 1045 3246 Valvas
1074 3204 1138 3246 illi
1178 3205 1372 3246 obnixius
1402 3205 1620 3262 impellere
1649 3204 1932 3264 maioremque
1963 3209 2042 3251 ad-

219 3263 367 3306 hibere
397 3260 504 3305 vim:
534 3266 580 3302 at
610 3273 684 3302 eas
713 3274 849 3315 neque
880 3261 1100 3316 applicare
1128 3261 1259 3303 limini
1289 3268 1512 3316 poterant,
1553 3272 1692 3318 neque
1729 3265 1943 3307 audebant
1970 3279 2041 3308 re-

222 3319 423 3370 cludere,
451 3317 681 3360 sentientes
713 3322 876 3373 portam
907 3318 961 3359 ab
992 3317 1182 3359 hostibus
1213 3318 1415 3371 obsideri,
1446 3319 1514 3360 cui
1544 3319 1714 3375 quidam
1745 3335 1827 3363 non
1856 3322 2042 3378 lapidem

224 3391 252 3419 a
280 3375 449 3426 Persis,
487 3375 564 3418 sed
592 3374 751 3428 lignum
781 3374 957 3416 inditum
999 3375 1131 3416 fuisse
1161 3375 1400 3431 perhibent.
1461 3376 1694 3431 Malignum
1724 3385 1861 3421 astum
1890 3379 2041 3421 Sureni

224 3435 406 3476 nondum
435 3432 528 3475 fere
558 3431 941 3487 deprehenderant,
976 3433 1144 3486 quando
1177 3431 1316 3474 adfuit
1343 3447 1436 3475 cum
1465 3433 1662 3475 universo
1693 3438 1883 3478 exercitu
1905 3436 2044 3478 Chos-

226 3504 348 3544 roes,
380 3505 432 3535 ac
459 3493 626 3548 portam
653 3488 834 3532 Barbari
861 3488 1138 3547 impressione
1166 3496 1451 3545 aperuerunt,
1494 3504 1590 3534 mox
1619 3496 1664 3534 et
1691 3491 1737 3534 vi
1765 3498 2038 3549 occuparunt.
