2254 3814
368 159 403 214 3
414 157 442 214 1
452 157 488 213 8
1113 156 1445 211 PROCOPH

235 348 258 356 -
367 303 422 356 δὲ
454 301 546 363 τὰς
583 300 636 354 ἔκ
674 293 885 366 Λιβύης
922 291 1104 366 τύχας,
1152 295 1316 363 ὅπως,
1353 296 1419 368 ’ἢν
1439 299 1531 366 μὲν
1555 297 1953 368 ἀποκρουσθεῖεν
1975 301 2022 352 οἱ
2046 300 2186 367 παρὰ

357 385 602 440 Ἀττάλου
631 384 926 447 σταλέντες,
973 383 1115 436 πλέοι
1139 405 1192 437 τε
1218 383 1374 446 αὐτὸς
1399 385 1476 437 ἐπὶ
1505 380 1717 452 Λιβύης
1749 385 1831 437 καὶ
1863 381 2049 454 μοῖράν
2073 406 2186 437 τινα

297 490 333 531 Β
364 478 455 539 τῆς
486 471 747 538 βασιλείας
783 468 941 521 αὐτοῦ
981 466 1112 535 ἔχοι,
1156 467 1220 538 ἢν
1261 470 1318 522 δὲ
1355 469 1448 522 ἀπ’
1491 470 1722 531 ἐναντίας
1761 469 1902 542 αὐτῷ
1931 469 1995 522 τὰ
2030 469 2188 540 ἐκείνῃ

361 553 634 626 πράγματα
659 555 751 619 ἴοι,
800 555 852 615 ἔς
880 550 1156 607 Θεοδόσιόν
1183 575 1235 607 τε
1258 556 1420 608 ἵκοιτο
1446 557 1528 620 καὶ
1551 555 1644 608 σὺν
1670 554 1809 626 αὐτῷ
1831 554 1922 623 εἴη.
2002 553 2186 623 Ἀρκα-

364 644 474 694 διόυ
505 662 557 693 τε
576 640 673 710 γὰρ
700 638 799 708 ἤδη
821 643 992 712 πολλῷ
1015 637 1260 710 πρότερον
1285 637 1707 708 τελευτήσαντος,
1758 636 2032 702 Θεοδόσιος
2063 640 2228 694 ἐκεί-5

363 747 453 778 νου
504 726 640 790 υἱὸς,
686 724 757 777 ἔτι
799 732 919 786 παῖς
958 723 1030 778 ὢν
1066 727 1282 794 κομιδῆ,
1329 723 1424 794 εἶχε
1458 725 1551 795 τὴν
1587 720 1722 799 ἑῴαν
1766 722 1940 796 ἀρχήν.
2023 730 2190 778 ταῦτα

362 809 588 883 Ὁνωρίῳ
613 813 983 881 καραδοκοῦντι
1010 812 1092 863 καὶ
1119 811 1171 864 ἐν
1196 813 1482 881 τρικυμίαις
1509 810 1771 884 φερομένῳ
1803 816 1894 879 τῆς
1922 806 2077 879 τύχης
2106 809 2192 862 εὗ-

368 893 638 964 τυχήματα
678 893 953 963 θαυμάσια
991 893 1140 965 ἡλίκα
1187 897 1469 965 ξυνηνέχθη
1523 897 1773 967 γενέσθαι.
1862 901 1998 966 φιλεῖ
2028 895 2124 965 γὰρ
2161 892 2188 948 ὃ

367 983 493 1044 θεὸς
524 991 631 1043 τοῖς
667 981 783 1035 οὔτε
821 981 1036 1051 ἀγχίνοις
1061 981 1175 1035 οὔτε
1203 1003 1251 1035 τι
1282 982 1484 1035 οἴκοθεν
1509 986 1845 1051 μηχανᾶσθαι
1875 982 1999 1043 οἳόις
2024 1002 2076 1034 τε
2102 974 2193 1034 οὗ-

369 1089 476 1133 σιν,
523 1066 587 1135 ’ἢν
626 1067 696 1136 μὴ
733 1069 945 1137 πονηροὶ
980 1065 1100 1133 εἶεν,
1140 1067 1505 1137 ἀπορουμένοις
1535 1067 1599 1120 τὰ
1624 1066 1811 1135 ἔσχατα
1835 1068 2110 1136 ἐπικουρεῖν
2137 1087 2190 1118 τε
2206 1078 2254 1123 1ο

306 1163 343 1206 C
373 1156 456 1207 καὶ
491 1149 959 1220 ξυλλαμβάνεσθαι.
1046 1150 1221 1206 ὁποῖον
1260 1150 1324 1221 δή
1353 1174 1402 1205 τι
1429 1154 1511 1204 καὶ
1537 1158 1610 1225 τῷ
1635 1157 1838 1219 βασιλεῖ
1856 1149 2021 1226 τούτῳ
2045 1148 2192 1204 τετύ-

361 1260 531 1308 χηκεν.
618 1238 671 1291 ἔκ
700 1259 753 1291 τε
779 1238 876 1308 γὰρ
909 1235 1122 1307 Λιβύης
1165 1235 1234 1299 ὥς
1274 1240 1610 1308 διαφθαρεῖεν
1651 1237 1701 1290 οἱ
1728 1234 1974 1290 Ἀττάλου
2004 1235 2191 1307 ἄρχον-

365 1346 448 1386 τες
491 1323 637 1395 ἄφνω
672 1323 934 1393 ἠγγέλλετο
971 1324 1054 1375 καὶ
1094 1327 1229 1391 νηῶν
1251 1327 1454 1391 πλῆθος
1482 1324 1537 1375 ἐκ
1562 1323 1846 1387 Βυζαντίου
1873 1319 2192 1393 στρατιώτας

365 1408 569 1477 ἔχουσαι
593 1407 671 1461 ὅτι
702 1410 968 1471 πλείστους
1005 1409 1054 1470 ἐς
1079 1409 1367 1479 ἐπικουρίαν
1403 1407 1544 1482 αὐτῷ
1570 1407 1906 1479 ἀφικομένους
1944 1408 2004 1462 οὐ
2028 1428 2192 1479 προσ-

366 1494 615 1567 δεχομένῳ
653 1499 909 1565 παρῆσαν,
956 1491 1204 1565 διάφορός
1243 1515 1298 1548 τε
1325 1491 1550 1567 Ἀττάλῳ
1586 1493 1796 1564 γεγονὼς
1826 1491 2090 1564 Ἀλάριχος
2128 1489 2190 1547 τό
2207 1498 2254 1554 11

361 1601 416 1634 τε
442 1586 534 1634 τοῦ
558 1580 808 1648 βασιλέως
842 1578 997 1633 αὐτὸν
1029 1580 1318 1651 ἀφαιρεῖται
1354 1584 1527 1648 σχῆμα
1551 1582 1634 1632 καὶ
1670 1580 1722 1632 ἓν
1748 1577 1954 1633 ἰδιώτου
1980 1579 2079 1649 ἤδη
2108 1600 2192 1632 τε-
2242 1596 2248 1602 ’

363 1671 551 1719 λοῦντα
576 1667 734 1740 μοίρᾳ
782 1666 834 1718 ἓν
877 1670 1079 1737 φυλακῇ
1122 1663 1233 1734 εἶχε.
1320 1665 1450 1733 μετὰ
1494 1666 1549 1719 δὲ
1569 1661 1834 1735 Ἀλάριχος
1864 1665 1956 1734 μὲν
1986 1669 2193 1739 τελευτᾷ

299 1766 338 1808 D
367 1748 534 1825 νόσῳ,
585 1749 612 1805 ὃ
642 1752 698 1804 δὲ
727 1757 828 1805 τῶν
858 1749 1210 1821 Οὗισιγότθων
1241 1750 1485 1823 στρατὸς,
1530 1748 1810 1821 ἡγουμένου
1837 1752 2010 1823 σφίσιν
2038 1750 2192 1803 {Ada-
2245 1785 2250 1791 -

367 1834 561 1908 ούλφου
574 1878 590 1902 ,
636 1837 715 1889 ἐπὶ
743 1838 973 1899 Γαλλίας
997 1835 1288 1910 ἐχώρησαν,
1334 1839 1418 1890 καὶ
1445 1840 1837 1898 Κωνσταντῖνος
1860 1830 1999 1907 μάχῃ
2027 1833 2193 1905 ἦσση-
2236 1868 2242 1878 a

363 1926 477 1985 θεὶς
514 1922 604 1986 ξῦν
640 1925 785 1975 παισὶ
821 1919 1048 1991 θνήσκει.
1135 1922 1448 1993 Βρεττανίαν
1496 1921 1669 1989 μέντοι
1713 1919 1950 1987 Ῥωμαῖοι
1984 1918 2254 1976 simod-20

365 2014 567 2062 σασθαι
596 2006 760 2062 οὗκέτι
787 2007 953 2077 ἔσχον,
1002 2007 1121 2062 ἀλλ’
1152 2002 1282 2062 οὖσα
1306 2005 1407 2062 ὖπδ
1430 2004 1695 2079 τυράννοις
1720 2004 1815 2060 ἀπ’
1846 2006 2008 2060 αὐτοῦ
2035 2005 2188 2076 ἴμενε.
2239 2029 2254 2045 r

477 2229 520 2272 2.
550 2225 705 2283 πλέοι]
739 2226 861 2272 πλὲει
890 2228 939 2273 Α.
1081 2230 1125 2273 9.
1155 2228 1347 2273 οἴκοθεν
1378 2228 1428 2271 Α.
1485 2226 1649 2273 ornava
1676 2226 1726 2269 Ρ.
1873 2226 1942 2275 15.
1973 2227 2042 2276 17.
2071 2221 2194 2270 ’Aia'-

479 2285 632 2341 ριχος]
677 2286 816 2341 Vulgo
843 2282 1107 2341 Ἀλλάριχος.
1253 2288 1324 2332 18.
1360 2285 1519 2343 σφίσιν
1545 2286 1598 2330 L.
1655 2283 1786 2342 σφίσι
1811 2283 1863 2328 P.
2007 2286 2078 2331 19.
2115 2281 2191 2330 ἐπὶ

482 2343 711 2400 Γαλλίας]
741 2340 819 2388 ἐπ’
847 2345 1026 2397 ltaliae
1052 2345 1118 2388 He
1146 2342 1252 2388 illud
1280 2344 1376 2389 Hm.
2251 2365 2254 2372 ·

367 2558 563 2612 promptu
596 2555 798 2606 habebat,
830 2558 1061 2612 expectans
1090 2570 1176 2613 quo
1204 2569 1276 2599 res
1305 2555 1476 2600 Africae
1504 2559 1758 2612 vergerent:
1792 2557 1840 2597 ut
1868 2553 1905 2596 si
1934 2553 2047 2597 forte
2076 2551 2194 2596 missi
2241 2594 2254 2616 ὁ,

369 2614 424 2655 ab
455 2613 600 2654 Attalo
646 2613 858 2668 repulsam
901 2619 1174 2668 paterentur,
1218 2614 1444 2669 navigaret
1473 2614 1567 2670 ipse
1605 2613 1649 2655 in
1681 2611 1887 2662 Africam,
1938 2625 1990 2653 ac
2029 2616 2191 2667 partem
2240 2615 2254 2649 †.⁴

367 2669 491 2724 regni
521 2670 610 2711 eius
651 2670 835 2725 aliquam
865 2670 1106 2714 obtineret:
1156 2670 1221 2714 sin
1251 2685 1398 2728 parum
1443 2685 1498 2714 ex
1525 2669 1735 2712 sententia
1773 2682 1842 2713 res
1883 2668 1944 2710 ibi
1973 2670 2192 2719 cederent,

367 2726 422 2769 ad
452 2725 742 2768 Theodosium
772 2729 989 2770 conferret
1013 2741 1124 2780 sese,
1153 2734 1199 2771 et
1226 2743 1318 2772 cum
1347 2729 1420 2771 illo
1450 2727 1715 2771 conviveret.
1772 2726 1886 2769 Nam
1915 2731 2081 2768 mortuo
2107 2725 2192 2767 iam
2228 2727 2254 2777 Ῑῖζ

369 2785 496 2825 multo
527 2787 626 2825 ante
656 2783 867 2833 Arcadio,
913 2784 1105 2828 Orientis
1134 2786 1371 2842 Imperator
1399 2791 1492 2829 erat
1520 2783 1614 2828 eius
1646 2785 1760 2827 filius
1788 2783 2086 2834 Theodosius,
2107 2782 2195 2825 ‘ad-
2226 2778 2254 2842 ’,ῙΞ

366 2840 449 2882 huc
479 2853 605 2897 porro
637 2854 757 2896 puer.
816 2838 918 2882 Tali
949 2838 993 2881 in
1026 2844 1356 2896 expectatione,
1408 2841 1652 2886 decumanis
1683 2839 1882 2884 fluctibus
1910 2840 2070 2883 iactato
2099 2838 2192 2895 Ηοή
2227 2845 2254 2879 ''-

366 2898 490 2940 norio
522 2897 734 2940 secundus
772 2896 970 2940 fortunae
999 2896 1131 2939 flatus
1171 2900 1387 2942 mirabiles
1417 2905 1594 2943 eventus
1622 2898 1781 2942 attulit.
1841 2897 2067 2939 Enimvero
2096 2894 2193 2952 qui-⁴
2220 2885 2254 2952 ἶ.

366 2955 446 2997 bus
477 2953 651 2996 solertia
691 2968 742 2996 ac
773 2967 850 3010 per
880 2967 926 2995 se
955 2953 1184 3009 quidquam
1214 2954 1408 3010 agitandi
1453 2957 1517 2998 vis
1545 2956 1690 3007 deest,
1733 2955 1820 2997 illis
1850 2955 1995 3004 Deus,
2041 2951 2078 2995 si
2106 2960 2191 2995 nou'
2220 2949 2254 3010 ἕξ.

367 3018 465 3055 sunt
493 3010 700 3068 improbi,
730 3010 774 3052 in
803 3009 972 3052 summis
1001 3024 1142 3053 rerum
1174 3011 1385 3067 angustiis
1414 3017 1587 3068 praesto
1616 3019 1708 3053 esse
1738 3010 1848 3051 solet
1877 3014 1920 3051 et
1950 3024 2070 3066 opem
2100 3011 2194 3052 fer·
2224 2989 2254 3076 ἷρξ

367 3083 441 3121 re,
492 3082 614 3125 quam
644 3067 714 3110 hic
742 3067 978 3123 Imperator
1007 3073 1208 3124 expertus
1238 3075 1316 3112 est.
1374 3068 1549 3124 Quippe
1578 3081 1632 3110 ex
1661 3067 1810 3109 Africa
1838 3067 2011 3109 nuntius
2040 3067 2094 3109 de
2124 3065 2192 3109 inss
2222 3104 2223 3107 ,
2251 3119 2254 3124 ι

367 3126 500 3171 teritu
529 3127 707 3175 ducum,
754 3137 861 3180 quos
889 3123 1060 3166 Attalus
1091 3140 1142 3167 eo
1173 3126 1370 3178 miserat,
1412 3126 1552 3167 subito
1585 3123 1728 3176 venit,
1779 3127 1822 3167 et
1853 3124 2017 3166 classis·
2031 3123 2192 3167 auxilia
2216 3133 2254 3186 ᾖ,

369 3183 552 3240 plurima
589 3181 798 3238 Byzantio
844 3181 1002 3223 vehens
1042 3186 1218 3236 praeter
1249 3181 1585 3239 expectationem
1628 3180 1768 3224 affuit.
1825 3180 2060 3224 Praeterea
2088 3181 2192 3224 alie—¹
2216 3183 2248 3243 ’ᾗ

370 3246 496 3283 natus
525 3240 579 3282 ab
608 3239 752 3281 Attalo
785 3237 1002 3292 Alaricus,
1045 3238 1183 3293 ipsum
1210 3241 1330 3282 exuit
1357 3238 1539 3295 Augusti
1569 3238 1711 3291 cultu,
1743 3243 1788 3282 et
1816 3238 1871 3282 ad
1899 3238 2017 3281 vitae
2046 3238 2192 3295 priva-
2212 3243 2254 3283 (Ψ

370 3303 444 3340 tae
473 3296 754 3340 conditionem
795 3295 1014 3337 redactum
1056 3295 1209 3338 habuit
1245 3296 1290 3338 in
1331 3297 1543 3339 custodia.
1600 3295 1708 3339 Post
1734 3297 1879 3339 morbo
1910 3296 2019 3338 obiit
2050 3294 2192 3345 Alarie

371 3369 472 3397 cus:
503 3354 836 3409 Visigotthorum
866 3352 1093 3403 exercitus,
1124 3352 1232 3395 duce
1263 3353 1496 3409 Adaulpho‚
1528 3354 1740 3396 concessit
1766 3354 1811 3396 in
1841 3353 2047 3395 Galliam:
2076 3351 2191 3411 Con}

316 3453 321 3464 ,
373 3411 586 3455 stantinus
627 3409 791 3468 praelio
819 3408 958 3452 victus
998 3423 1089 3452 cum
1117 3409 1218 3452 filiis
1248 3410 1428 3454 occidit:
1478 3425 1558 3453 nec
1598 3417 1738 3454 tamen
1775 3410 2037 3453 Britanniam
2067 3423 2193 3452 recu·
2230 3407 2238 3414 ”

374 3483 530 3526 pet-are
566 3482 748 3527 unquam
776 3466 955 3511 Romani
996 3471 1251 3525 potuerunt=
1305 3467 1381 3511 sed
1419 3482 1473 3512 ex
1512 3482 1563 3512 eo
1600 3473 1792 3527 tempore
1832 3467 1878 3510 in
1922 3473 2191 3524 tyrannorum
