2184 3822
255 172 373 232 110
1000 141 1332 234 PROGOPII

249 317 478 394 θρώπων
503 317 770 392 ἠφάνιστο.
842 320 925 372 καὶ
951 319 1055 374 ἐπεὶ
1078 320 1145 374 τὰ
1176 318 1366 391 νόμιμα
1391 323 1471 377 ἐπὶ
1493 329 1558 395 τῇ
1586 328 1678 377 τοῦ
1703 325 1954 390 βασιλέως
1977 347 2074 379 τα-

250 413 324 478 φῇ
351 404 584 477 ἐγεγόνει,
633 399 658 458 ὃ
683 406 775 472 μέν
802 402 1018 474 Καόσης
1041 411 1115 480 τῷ
1148 405 1290 482 νόμῳ
1324 414 1543 479 θαρσῶν
1580 407 1847 476 ἐπεβάτευε
1879 417 1973 478 τῆς
1998 433 2075 464 τι-

95 507 140 549 Η
167 508 225 553 36
252 499 380 561 μῆς,
428 490 454 545 ὂ
486 492 541 543 δέ
564 487 817 557 Μεβόδης
842 488 1057 558 ἐκώλυε,
1094 489 1306 564 φάσκων
1344 495 1528 548 οὐδένα
1560 500 1750 565 χρῆναι
1782 494 2075 562 αὐτόματον

250 580 302 639 ἐς
325 577 417 645 τὴν
443 577 706 640 βασιλείαν
744 575 896 642 ἴέναι,
938 575 1070 631 ἀλλὰ
1105 576 1270 653 ψήφῳ
1291 584 1512 651 Περσῶν
1541 585 1643 633 τῶν
1667 581 1903 649 λογίμων.
1993 584 2078 634 καὶ

252 662 310 725 ὃς
334 661 564 729 ἐπέτρεπε
601 668 714 721 ταῖς
737 659 918 731 ἀρχαῖς
939 662 1033 732 τὴν
1065 666 1178 734 περὶ
1213 670 1308 718 τοῦ
1343 662 1645 736 πράγματος
1670 671 1884 735 γνῶσιν,
1932 666 2121 720 οὗδένὸ
2156 694 2158 698 ·

249 747 455 800 ἐνθένδε
490 745 709 798 ἔσεσθαί
746 747 794 799 οἱ
823 745 1106 816 ἐναντίωμα
1138 746 1492 815 ὖποτοπάζων.
1581 752 1682 803 ἐπεὶ
1707 752 1764 804 δὲ
1788 749 2006 813 ἅπαντες
2034 752 2082 805 οἳ

180 843 219 887 Ι)
249 835 468 901 Περσῶν
491 828 686 901 λόγιμοι
712 832 762 894 ἐς
782 838 936 887 τοῦτο
975 833 1301 904 ἀγηγερμένοι
1341 833 1625 904 ἐκάθηντο,
1672 835 1731 888 τὸ
1756 837 1849 903 μέν
1869 835 2082 906 γράμμα

250 915 275 972 ὃ
307 914 561 986 Μεβόδης
590 915 960 986 ἀναλεξάμενος
986 919 1081 987 τὴν
1120 918 1376 988 Καβάδου
1398 921 1530 992 ἀμφὶ
1561 926 1635 995 τῷ
1658 918 1876 992 Χοσρόῃ
1897 919 2081 990 ἐδήλου

245 1000 479 1073 γνώμην,
530 1002 946 1073 ἀναμνησθέντες
970 1006 1025 1058 δέ
1059 1011 1150 1075 τῆς
1173 1004 1431 1074 Καβάδου
1465 1005 1650 1078 ἀρετῆς
1679 1004 1901 1069 ἅπαντες
1926 1013 2081 1074 βασι-

247 1089 338 1142 λέα
360 1088 591 1158 Πέρσαις
616 1089 799 1143 αὐτίκα
826 1087 1074 1160 Χοσρόην
1100 1091 1318 1146 ἀνεῖπον.
2095 1102 2152 1148 10

424 1173 576 1228 Οὕτω
608 1175 701 1241 μὲν
728 1172 754 1228 ὅ
781 1175 1028 1246 Χοσρόης
1061 1175 1156 1245 τὴν
1181 1176 1343 1248 ἀρχὴν
1376 1174 1534 1246 ἴσχεν.
1623 1177 1677 1231 ἐν
1702 1177 1758 1230 δὲ
1789 1180 2083 1249 Μαρτυρο-

247 1257 389 1315 πόλει
439 1262 628 1322 Σίττας
665 1282 718 1314 τε
760 1263 844 1314 καὶ
891 1259 1193 1333 Ἑρμογένης
1239 1262 1374 1333 ἀμφὶ
1420 1268 1486 1335 τῇ
1530 1259 1674 1315 πόλει
1722 1264 2079 1331 δειμαίνοντες,

249 1342 456 1415 ἀμύνειν
491 1346 587 1417 γὰρ
615 1343 976 1418 κινδυνευούσῃ
1012 1346 1216 1416 οὐδαμῆ
1258 1346 1417 1416 εἶχον,
1462 1345 1698 1415 ἔπεμψάν
1722 1369 1866 1410 τινας
1888 1349 1939 1410 ἐς
1964 1348 2086 1410 τοὺς

248 1434 547 1500 πολεμίους,
608 1431 662 1484 οἳ
693 1439 802 1493 τοῖς
835 1439 1142 1502 στρατηγοῖς
1177 1433 1229 1494 ἐς
1266 1431 1389 1500 ὄψιν
1424 1430 1667 1496 ἐλθόντες
1701 1431 1875 1496 ἔλεξαν
1913 1431 2086 1487 τοιάδε

244 1516 569 1586 ,,Λελήθατε
619 1513 756 1583 ὖμᾶς
804 1516 995 1578 αὐτοὺς
1033 1523 1241 1585 βασιλεῖ
1270 1538 1324 1570 τε
1358 1523 1432 1590 τῷ
1465 1521 1686 1589 Περσῶν
1728 1521 1812 1571 καὶ
1848 1528 1956 1581 τοῖς
1992 1524 2084 1587 τῆς
2101 1518 2169 1572 15‘

100 1618 135 1660 Ρ
164 1614 220 1661 64
250 1602 451 1675 εῗρήνης
478 1602 696 1672 ἀγαθοῖς
719 1604 804 1656 καὶ
830 1603 1058 1676 πολιτείᾳ
1086 1600 1300 1677 ἑκατέρᾳ
1329 1603 1565 1671 ἐμποδὼν
1594 1603 1654 1657 οὗ
1683 1603 1797 1658 δέον
1818 1601 2083 1674 γινόμενοι.

247 1691 482 1761 πρέσβεις
507 1687 604 1758 γὰρ
634 1688 688 1740 ἐκ
708 1689 961 1755 βασιλέως
995 1688 1291 1757 ἐσταλμένοι
1322 1693 1482 1742 τανῦν
1505 1686 1752 1760 πάρεισιν,
1800 1689 1888 1761 ἐφ’
1917 1682 1957 1764 ᾧ
1984 1699 2086 1743 ποί-

246 1777 314 1847 ρά
353 1776 442 1829 τὸν
469 1778 690 1843 Περσῶν
725 1774 942 1841 βασιλέα
980 1770 1143 1836 ἰόντες
1177 1771 1244 1827 τά
1270 1795 1323 1828 τε
1361 1771 1588 1846 διάφορα
1627 1772 1842 1828 λύσουσι
1875 1777 1959 1828 καὶ
1994 1774 2087 1837 τὰς
2166 1775 2172 1780 ’

245 1861 475 1923 σπονδὰς
509 1858 638 1929 πρὸς
676 1859 834 1912 αὐτὸν
874 1856 1160 1928 θήσονται·
1206 1858 1326 1912 ἀλλ’
1362 1857 1431 1923 ὥς
1464 1857 1681 1928 τάχιστα
1709 1857 2086 1928 ἐξανιστάμενοι

245 1954 340 2015 τῆς
358 1945 622 2014 Ῥωμαίων
657 1951 747 2014 γῆς
773 1948 1067 2016 ξυγχωρεῖτε
1090 1953 1199 2006 τοῖς
1226 1943 1466 2014 πρέσβεσι
1495 1942 1741 2016 πράσσειν
1772 1938 1805 2016 ᾗ
1832 1943 2087 2017 ἑκατέροις
2099 1950 2177 2000 20⁴

246 2035 490 2096 ξυνοίσειν
514 2030 697 2098 μέλλει.
758 2031 948 2099 ἕτοιμοι
970 2030 1069 2100 γὰρ
1095 2030 1245 2099 ἐσμὲν
1269 2028 1395 2101 ὑπὲρ
1422 2028 1621 2084 τούτων
1649 2030 1819 2085 αὐτῶν
1844 2033 1927 2084 καὶ
1957 2029 2087 2101 ὄμή-
2183 2027 2184 2035 “

244 2140 368 2190 ρους
392 2114 590 2171 διδόναι
630 2114 823 2187 ἄνδρας
853 2118 1123 2183 δοκίμους,
1173 2113 1243 2179 ὥς
1279 2115 1344 2186 δὴ
1370 2113 1500 2191 ἔργῳ
1536 2115 1629 2171 οὐκ
1658 2119 1726 2179 εἷς
1747 2116 1954 2188 μακρὰν
1979 2117 2087 2170 ἐπι-
2169 2115 2174 2118 ’

357 2269 402 2312 2.
433 2262 708 2324 ἕπεβοὶτευε]
739 2262 986 2310 ἐπευᾶτευε
1014 2267 1067 2310 Α.
1208 2267 1252 2311 7.
1282 2262 1580 2324 α’γηγερμένοι
1610 2265 1660 2309 Α.
1721 2262 2010 2323 ἔγηγερμὲνοι
2038 2266 2086 2308 Ρ.

357 2329 400 2371 9.
429 2326 514 2381 τῆς
543 2324 626 2378 Κ.]
658 2325 741 2380 τῆς
768 2325 856 2369 τοῦ
885 2339 926 2367 κ.
959 2324 1023 2376 Α,
1054 2328 1103 2367 ut
1131 2323 1319 2368 videtur.
1468 2326 1538 2370 18.
1565 2322 1648 2369 τὸν
1676 2326 1857 2381 περσῶν
1885 2325 1937 2370 L.
1994 2325 2089 2368 τῶν

359 2383 551 2461 Περσῶη
580 2382 632 2427 Ρ.
746 2382 818 2426 21.
847 2380 1004 2427 αὐτῶν
1032 2397 1114 2426 om.
1146 2382 1197 2426 L.

246 2511 466 2563 decrevit3
505 2524 584 2552 nec
614 2510 743 2553 multo
774 2516 872 2567 post
900 2509 1023 2553 obiit.
1081 2509 1173 2552 Ubi
1200 2509 1315 2553 iusta
1342 2508 1467 2566 regio
1495 2508 1638 2552 funeri
1667 2509 1808 2553 soluta
1835 2515 1957 2561 sunt,
1988 2523 2087 2552 con-

244 2568 487 2614 suetudinis
513 2567 608 2610 iure
638 2568 778 2610 fretus
807 2568 969 2611 Caoses
999 2569 1199 2611 honorem
1225 2581 1427 2610 summum
1456 2566 1716 2623 usurpabat,
1757 2581 1848 2610 cum
1878 2566 2087 2609 interces-

246 2628 306 2671 sit
336 2626 572 2675 MebodeS,
613 2624 768 2666 nemini
797 2625 864 2666 fas
894 2638 989 2667 esse
1019 2625 1164 2668 dicens
1195 2623 1418 2668 intrudere
1457 2636 1506 2666 se
1534 2622 1578 2665 in
1614 2637 1818 2679 regnum3
1859 2630 1905 2666 at
1934 2638 2087 2679 proce-

246 2698 338 2728 rum
376 2683 603 2725 Persarum
645 2681 865 2737 suffragiis
905 2682 959 2723 ad
996 2682 1043 2725 id
1082 2682 1229 2725 vocari
1267 2686 1486 2739 oportere.
1546 2679 1588 2722 Is
1629 2680 1682 2723 ab
1724 2682 1805 2723 hac
1851 2687 1978 2747 parte
2005 2681 2089 2724 sibi

246 2740 386 2785 omnia
415 2738 511 2782 fore
540 2752 676 2795 prona
705 2738 979 2791 existimans,
1009 2739 1074 2782 rei
1104 2739 1388 2796 cognitionem
1417 2737 1704 2806 potestatibus
1734 2737 1938 2793 permisit.
1998 2738 2087 2779 Ve-
2153 2736 2184 2751 ‘¹

243 2812 336 2842 rum
367 2796 442 2839 ubi
481 2796 527 2838 in
569 2808 770 2838 consessu
800 2796 1025 2839 universae
1053 2797 1290 2840 nobilitatis
1323 2795 1377 2839 ad
1417 2795 1462 2838 1d
1492 2801 1755 2837 convocatae
1785 2795 1991 2837 Mebodes
2019 2802 2088 2837 te·
2175 2786 2184 2802 '¹

242 2860 496 2899 stamentum
526 2852 658 2908 legit,
701 2852 889 2909 quidque
919 2853 1117 2896 cabades
1146 2853 1330 2898 moriens
1358 2852 1413 2895 de
1442 2851 1636 2894 Chosroe
1662 2851 1876 2894 sanxisset
1905 2851 2086 2909 aperuit,

244 2919 411 2956 tantum
445 2909 561 2967 apud
593 2923 736 2953 omnes
769 2910 907 2952 valuit
945 2911 1145 2955 memoria
1173 2910 1353 2955 virtutis
1379 2908 1613 2961 demortui,
1653 2917 1702 2952 ut
1741 2909 1972 2953 Cbosroem
2001 2922 2087 2952 una

244 2984 353 3014 voce
386 2969 605 3011 Persarum
635 2967 797 3022 Regem
822 2967 1100 3011 declararint.

357 3025 426 3068 Ita
455 3038 632 3080 regnum
663 3027 847 3080 adeptus
877 3030 945 3067 est
974 3025 1215 3068 Chosroes=
1253 3025 1337 3068 iam
1376 3036 1481 3067 vero
1521 3020 1577 3065 ad
1604 3021 1922 3080 Martyropolin
1950 3021 2088 3066 Sittas

243 3088 375 3140 atque
404 3083 696 3136 Hermogenes
725 3081 825 3124 urbi
853 3081 1074 3135 timentes,
1116 3083 1187 3125 cui
1216 3079 1478 3140 periclitanti
1505 3078 1732 3123 subvenire
1759 3094 1843 3122 non
1872 3085 2088 3135 poterant,
2178 3123 2179 3126 ,

243 3143 300 3184 ad
331 3141 495 3183 hostem
526 3139 731 3195 quosdam
761 3153 786 3180 e
815 3138 903 3180 suis
932 3139 1164 3190 miserunt,
1206 3153 1379 3196 quorum
1421 3137 1528 3180 haec
1558 3137 1674 3192 apud
1703 3137 1845 3180 Duces
1874 3137 1962 3180 fuit
1987 3151 2088 3180 ora-
2172 3157 2184 3179 -s

240 3199 320 3242 tio.
385 3198 466 3240 Vos
487 3203 532 3240 et
553 3196 783 3238 Persarum
804 3196 975 3252 Regem
990 3228 1004 3249 ,
1045 3203 1088 3239 et
1106 3211 1285 3251 pacem,
1326 3202 1370 3239 et
1393 3208 1484 3237 rem
1508 3196 1730 3249 utriusque
1757 3195 1927 3249 imperii
1943 3195 2085 3249 publi-

242 3271 340 3299 cam
373 3261 527 3297 contra
555 3268 685 3308 quam
710 3256 789 3307 sas
813 3255 870 3296 sit
895 3260 1024 3309 atque
1047 3255 1155 3296 adeo
1184 3260 1358 3308 praeter
1381 3251 1621 3307 opinionem
1649 3258 1837 3294 vestram
1858 3266 2086 3308 oppugna·
2148 3288 2149 3291 ,

241 3315 313 3358 tis.
371 3314 467 3354 Iam
502 3313 614 3353 enim
647 3312 839 3367 Augusti
867 3311 1030 3367 Legati
1057 3312 1242 3362 adsunt,
1273 3312 1440 3367 Regem
1474 3309 1640 3350 adituri
1670 3315 1884 3360 vestrum,
1912 3315 1961 3351 ut
1989 3323 2085 3351 cum

242 3373 420 3427 ipsomet
456 3370 670 3424 dirempta
705 3369 822 3410 omni
857 3370 932 3411 lite
967 3382 1120 3424 pacem
1156 3370 1394 3423 conficiant.
1454 3367 1590 3422 Agite
1614 3367 1745 3418 dum,
1773 3367 1967 3408 Romano
1996 3367 2083 3407 solo

241 3435 407 3472 movete
441 3427 780 3483 quamprimum,
809 3426 914 3468 date
944 3427 1105 3481 legatis
1138 3427 1275 3468 locum
1299 3431 1340 3467 et
1365 3425 1534 3479 copiam
1555 3425 1833 3479 transigendi
1846 3429 1980 3479 prout
2002 3423 2084 3465 erit

245 3501 268 3529 e
302 3501 349 3530 re
384 3485 607 3529 communi.
670 3484 762 3527 Nos
797 3490 910 3528 certe
931 3484 1050 3526 vobis
1060 3483 1202 3539 fidem
1226 3488 1276 3527 ut
1292 3483 1515 3538 faciamus
1540 3495 1809 3526 accessurum
1835 3482 1973 3525 verbis
1994 3481 2083 3523 exi-
