2254 3814
320 198 435 256 188
1063 194 1395 251 PROCOPII

249 352 287 395 C
317 342 401 394 καὶ
435 339 527 407 τὴν
570 337 759 408 πέτραν
804 335 991 406 ἐκείνην
1035 334 1355 408 προτερήσας
1394 342 1731 406 καταλαβεῖν,
1778 334 1981 392 ἐνθένδε
2020 338 2140 401 τοὺς

312 423 548 487 ἐπιόντας
590 421 919 491 ἀμύνασθαι,
968 421 1059 475 οῧκ
1093 421 1156 475 ἄν
1192 444 1344 493 ποτε,
1394 421 1559 491 οἶμαι,
1605 421 1734 493 πρὸς
1760 427 1863 476 τῶν
1885 423 2138 490 πολεμίων

313 513 366 573 ἐς
404 506 633 563 κίνδυνόν
667 529 780 560 τινα
815 505 847 575 ἦ
892 503 1037 570 πόλις
1074 502 1250 576 ἦλθεν.
1339 507 1398 562 οὗ
1428 508 1526 579 γὰρ
1555 505 1687 576 εἶχον
1709 506 1832 561 ὅθεν
1857 505 2139 578 ὁρμώμενοι

311 601 652 663 τειχομαχοῖεν
693 593 742 645 οἱ
779 589 1068 663 βάρβαροι,
1111 594 1243 647 κατὰ
1280 593 1512 664 κορυφὴν
1548 595 1603 646 ἐκ
1638 614 1691 647 τε
1727 597 1822 661 τῆς
1847 593 2035 663 πέτρας
2056 596 2139 647 καὶ

310 680 412 733 ἀπὸ
450 684 544 731 τοῦ
583 679 779 746 τείχους
818 676 1150 746 βαλλόμενοι·
1207 684 1297 732 νῦν
1334 680 1389 731 δὲ
1442 679 1558 750 (καὶ
1591 678 1687 749 γὰρ
1728 676 1825 731 ἴδει
1856 678 2181 746 Ἀντιοχεάς5

307 762 473 837 τούτῳ
511 768 583 835 τῷ
608 760 829 831 μΜήδων
868 770 1072 836 στρατῷ
1113 762 1434 833 ἀπολέσθαι)
1481 763 1646 816 οὐδενὶ
1683 769 1835 816 τοῦτο
1871 763 1922 825 ἐς
1947 762 2141 817 ἔννοιαν

306 844 453 918 ἦλθε.
539 852 643 901 τῶν
678 849 771 916 μὲν
810 843 901 902 οὖν
928 852 1177 917 Περσῶν,
1222 847 1311 902 ἅτε
1335 846 1580 917 Χοσρόου
1609 845 1864 918 παρόντος
1888 850 2032 918 σφίσι
2057 851 2142 902 καὶ

311 939 508 1005 κραυγῇ
546 933 926 1003 ἐγκελευομένου
965 932 1160 1006 μεγάλῃ
1171 975 1187 999 ,
1246 932 1372 1003 ἱπὲρ
1409 932 1626 1002 δύναμιν
1661 933 2002 1001 βιαζομένων,
2057 936 2142 986 καὶ

309 1020 492 1073 οὐδένα
533 1028 642 1081 τοῖς
679 1021 922 1081 ἐναντίοις
954 1016 1253 1073 ἐνδιδόντων
1286 1019 1492 1090 καιρὸν,
1541 1018 1670 1072 ὥστε
1693 1018 2138 1088 διασκοπεῖσθαιῆ

309 1103 672 1175 φυλάσσεσθαι
699 1104 793 1166 τὰς
825 1103 1148 1170 τοξευμάτων
1169 1105 1359 1171 βολὰς,
1405 1109 1508 1158 τῶν
1532 1106 1588 1158 δὲ
1614 1102 1876 1170 Ῥωμαίων
1902 1103 1974 1156 ἔτι
2004 1109 2137 1172 μᾶλ-
2155 1116 2211 1160 10

309 1196 400 1244 λον
422 1188 609 1259 πλήθει
633 1211 686 1243 τε
710 1195 882 1263 πολλῷ
907 1192 989 1242 καὶ
1014 1187 1232 1263 θορύβῳ
1258 1190 1617 1258 ἀμυνομένων,
1649 1189 1741 1243 οὐκ
1767 1191 2054 1259 ἐνεγκοῦσαι
2079 1189 2138 1243 τι)

242 1289 283 1332 D
314 1275 481 1344 ἄχθος
517 1275 571 1328 αἱ
606 1283 827 1342 σχοῖνοι,
874 1272 956 1336 αἶς
984 1275 1039 1328 αἱ
1064 1277 1205 1327 δοκοὶ
1231 1276 1556 1341 ξυνδεδέατο,
1603 1271 1940 1344 διερράγησαν
1967 1275 2020 1327 ἐκ
2046 1280 2140 1328 τοῦ

307 1362 566 1432 αἰφνιδίου
590 1363 672 1413 καὶ
697 1361 784 1423 ξὺν
811 1368 924 1422 ταῖς
946 1362 1114 1421 δοκοῖς
1137 1357 1356 1423 ἅπαντες
1381 1358 1492 1414 ὅσοι
1521 1359 1703 1423 αὐταῖς
1729 1357 2066 1430 ἐφεστήκεσαν
2090 1362 2141 1423 ἐς

307 1446 367 1499 τὸ
394 1446 586 1516 ἔδαφος
608 1445 838 1508 ἐξέπεσον
861 1442 1074 1517 πατάγῳ
1102 1450 1300 1518 πολλῷ.’
1381 1438 1442 1499 οὗ
1467 1445 1529 1513 δὴ
1557 1443 1858 1513 αἰσθόμενοι
1883 1447 1965 1498 καὶ
1994 1445 2140 1498 ἄλλοι

300 1529 591 1598 Ῥωμαίων,
637 1531 692 1583 οἳ
710 1532 762 1582 ἐκ
787 1527 992 1599 πύργων
1017 1536 1120 1584 τῶν
1143 1529 1391 1599 ἐχομένων
1413 1527 1660 1598 ἐμάχοντο
1674 1572 1690 1596 ,
1730 1533 1814 1583 καὶ
1837 1528 2139 1598 ξυμβάλλειν
2154 1538 2212 1584 15
2235 1567 2237 1570 -

304 1618 397 1684 μὲν
422 1617 479 1670 τὸ
507 1618 710 1686 γεγονὸς
742 1615 942 1684 οὐδαμῆ
973 1615 1191 1684 ἔχοντες,
1237 1614 1559 1686 διεφθάρθαι
1587 1618 1642 1669 δὲ
1674 1614 1837 1687 ταύτῃ
1874 1615 1932 1669 τὸ
1977 1625 2138 1684 τεῖχος

303 1700 520 1769 οῗόμενοι
564 1703 615 1764 ἐς
650 1701 816 1772 φυγὴν
859 1700 1113 1772 ὥρμηντο.
1197 1707 1291 1754 τοῦ
1329 1703 1422 1769 μὲν
1451 1695 1542 1755 οὗν
1576 1699 1742 1771 δήμου
1784 1703 1974 1755 νεανίαι
2010 1706 2137 1755 πολ-

302 1790 380 1841 λοὶ
395 1829 411 1853 ,
461 1786 572 1841 ὅσοι
610 1786 676 1839 τὰ
714 1784 936 1857 πρότερα
970 1785 1098 1854 πρός
1119 1809 1170 1856 γε
1197 1784 1451 1854 ἀλλήλους
1474 1786 1757 1852 στασιάζειν
1778 1788 1830 1839 ἐν
1857 1796 1962 1849 τοῖς
1984 1787 2138 1840 ἱππο-

304 1875 534 1943 δρομίοις
567 1870 848 1938 εἰώθεσαν,
896 1872 1064 1939 ἐπειδὴ
1103 1872 1203 1925 ἀπὸ
1246 1878 1338 1925 τοῦ
1377 1869 1649 1941 περιβόλου
1686 1873 2006 1940 κατέβησαν,
2048 1871 2138 1924 οὗ-

129 1970 161 2012 P
194 1971 276 2014 107
307 1962 445 2027 δαμῆ
475 1957 711 2029 ἔφευγον,
753 1957 868 2009 ἀλλ’
899 1957 1060 2010 αὐτοῦ
1085 1956 1286 2023 ἔμενον·
1331 1957 1381 2010 οἱ
1404 1958 1459 2010 δὲ
1483 1964 1791 2028 στρατιῶται
1815 1955 1902 2020 ξίν
1926 1979 1980 2011 τε
2005 1960 2135 2012 Θεοο
2149 1966 2226 2009 20·

304 2047 489 2115 κτίστῳ
519 2047 600 2096 καὶ
629 2041 883 2114 ΖΠολάτζῃ
913 2042 1070 2104 εὐθὺς
1098 2044 1176 2094 ἐπὶ
1204 2042 1324 2103 τοὺς
1342 2045 1533 2105 ἰ’ππους
1566 2039 1939 2111 ἀναθορόντες,
1988 2043 2045 2096 οἳ
2072 2043 2136 2112 δὴ

305 2126 535 2183 ἐνταῦθά
565 2151 634 2197 πη
659 2128 1116 2198 παρεσκευασμένοι
1147 2125 1448 2198 ἐτύγχανον,
1489 2130 1566 2181 ἐπὶ
1598 2129 1690 2190 τὰς
1716 2126 1880 2191 πύλας
1903 2126 2137 2197 ἀπήλαυ-

306 2237 424 2281 νον,
473 2212 674 2284 Βούζην
698 2214 872 2276 αὐτοῖς
896 2215 1291 2285 ἐπιθρυλοῦντες
1318 2213 1406 2277 ξὺν
1426 2220 1631 2289 στρατῷ
1654 2213 1789 2283 ἥκειν
1800 2254 1819 2280 ,
1865 2214 2056 2267 ἐθέλειν
2081 2235 2135 2267 τε

418 2352 490 2396 23.
519 2347 879 2407 ἐπιθρυλοῦντες
906 2351 959 2393 Α.
1018 2347 1402 2406 ἕπιθρυλλοῦντες
1428 2350 1480 2393 Ρ.

307 2481 399 2509 cum
431 2465 638 2508 trecentis
667 2465 773 2508 viris
802 2469 902 2508 ante
934 2465 1110 2519 egredi,
1153 2470 1200 2507 et
1227 2465 1300 2508 illa
1329 2468 1542 2521 occupata
1569 2478 1703 2520 rupe,
1734 2463 1833 2507 inde
1862 2477 1990 2508 ausus
2018 2467 2135 2508 esset

305 2523 517 2578 repellere
546 2524 828 2573 accedentes,
869 2522 1019 2565 suisset
1048 2523 1174 2574 urbs,
1215 2537 1308 2566 meo
1339 2522 1506 2578 quidem
1536 2521 1718 2573 iudicio,
1759 2523 1815 2565 ab
1843 2521 1995 2566 hostili.
2018 2522 2135 2579 peri-

306 2582 399 2623 culo
430 2581 555 2636 plane
584 2586 692 2622 tuta.
753 2581 910 2636 Neque
940 2580 1047 2622 enim
1076 2580 1209 2622 locum
1239 2579 1434 2630 Barbari,
1462 2579 1576 2622 unde
1603 2579 1648 2621 in
1676 2579 1841 2621 moenia
1870 2579 2021 2622 darent
2051 2579 2131 2621 im-

305 2648 475 2694 petum,
508 2638 777 2687 habuissent,
811 2638 995 2694 desuper
1025 2638 1120 2679 hinc
1149 2653 1173 2680 e
1201 2651 1332 2688 saxo,
1366 2636 1483 2679 illinc
1511 2652 1536 2679 e
1565 2650 1685 2678 muro
1715 2637 1814 2679 telis
1843 2636 1986 2694 petiti.
2043 2637 2132 2680 Ve-

305 2709 396 2737 rum
441 2695 521 2736 hoc
560 2695 716 2736 nemini
756 2695 800 2736 in
830 2704 1009 2737 mentem
1049 2694 1190 2738 venit:
1247 2695 1412 2738 scilicet
1450 2702 1610 2736 certum
1651 2693 1827 2736 exitium
1868 2694 2134 2736 Antiochiam

303 2752 528 2803 manebat,
557 2752 612 2793 ab
642 2752 715 2793 illo
746 2752 970 2794 Persarum
1004 2752 1194 2794 exercitu
1220 2751 1510 2794 inferendum:
1542 2751 1616 2806 qui
1645 2751 1742 2793 dum
1762 2750 1898 2806 Regis
1929 2765 2132 2808 praesen-

301 2811 390 2861 tia,
435 2809 697 2858 hortatibus,
738 2808 992 2851 clamoribus
1022 2809 1183 2851 incensi
1214 2823 1343 2866 supra
1372 2807 1490 2851 vires
1518 2808 1602 2850 vim
1630 2808 1820 2858 faciunt,
1856 2823 1934 2851 nec
1965 2808 2131 2851 vitandi

299 2867 387 2909 tela
417 2873 494 2908 aut
523 2866 647 2908 etiam
679 2865 959 2922 praevidendi
1002 2866 1125 2909 ullum
1156 2867 1260 2908 dant
1288 2866 1474 2922 spatium
1503 2865 1725 2917 hostibus;
1779 2865 1823 2908 hi
1854 2871 2004 2908 contra
2033 2867 2131 2908 dum

300 2922 501 2974 conferti,
535 2923 670 2979 magis
701 2923 869 2978 quidem
899 2937 949 2964 ac
978 2923 1125 2979 magis,
1157 2924 1232 2966 sed
1262 2923 1517 2968 tumultuose
1546 2924 1767 2974 resistunt,
1797 2936 1881 2965 non
1910 2922 2130 2965 sufficien-

300 2987 366 3023 tes
409 2980 586 3036 ponderi
624 2981 772 3030 funes,
826 2980 978 3035 quibus
1021 2995 1238 3023 connexae
1275 2982 1419 3023 trabes
1459 2985 1603 3032 erant,
1651 2987 1828 3036 repente
1862 2986 2130 3036 rumpuntur.

302 3037 556 3093 Quicunque
585 3037 779 3079 trabibus
801 3038 1117 3092 superstabant,
1147 3053 1290 3080 earum
1321 3039 1484 3080 ruinam
1512 3036 1667 3087 secuti,
1697 3037 1751 3079 ad
1781 3035 1912 3079 solum
1941 3051 2033 3079 cum
2063 3037 2131 3079 in-

297 3096 419 3150 genti
448 3095 623 3148 fragore
653 3100 871 3136 corruunt.
933 3094 1030 3143 Quo
1061 3095 1114 3135 ab
1144 3095 1199 3136 iis
1230 3095 1405 3147 audito,
1447 3094 1522 3151 qui
1552 3109 1577 3135 e
1600 3094 1794 3135 turribus
1824 3093 2025 3148 proximis
2054 3093 2130 3136 (1ο-Ἰ

300 3153 574 3209 pugnabant,
616 3166 707 3194 cum
737 3152 841 3207 quid
870 3150 934 3193 rei
965 3157 1079 3193 esset
1108 3151 1344 3194 diiudicare
1375 3165 1457 3195 non
1487 3155 1686 3207 possent,
1730 3164 1888 3192 murum
1924 3165 1974 3194 ea
2003 3157 2129 3207 parte

301 3208 545 3252 convulsum
575 3207 673 3258 rati,
709 3222 757 3251 se
786 3208 831 3249 in
860 3209 1004 3261 sugam
1034 3208 1259 3251 dederunt.
1316 3209 1544 3264 Postquam
1572 3222 1597 3250 e
1624 3221 1740 3250 muro
1770 3207 2015 3250 descensum
2045 3214 2128 3260 est,

302 3266 596 3317 adolescentes
640 3280 664 3306 e
703 3265 859 3320 populo
892 3265 1084 3320 plurimi,
1136 3266 1209 3320 qui
1253 3273 1380 3308 antea
1408 3265 1453 3307 in
1491 3265 1701 3307 sactiones
1731 3264 1958 3307 Circenses
1998 3265 2128 3307 divisi

301 3324 558 3367 contendere
587 3322 797 3371 solebant,
838 3336 920 3363 non
950 3322 1166 3377 fugerunt,
1196 3323 1272 3364 sed
1302 3326 1546 3365 constantes
1575 3321 1804 3364 haeserunt
1831 3322 1876 3364 in
1905 3321 2125 3378 vestigiisz

303 3380 458 3424 milites
487 3393 590 3422 vero
622 3393 714 3421 cum
746 3378 1001 3422 Theoctisto
1035 3393 1086 3421 ac
1117 3380 1329 3424 Molatze.
1376 3378 1496 3434 equis
1524 3378 1668 3430 illico,
1721 3379 1793 3435 qui
1824 3385 1993 3435 praesto
2022 3379 2128 3422 ade·

300 3445 412 3490 rant,
444 3437 699 3488 conscensis,
728 3450 896 3478 cursum
926 3437 982 3478 ad
1013 3440 1161 3491 portas
1190 3436 1479 3490 intenderunt,
1509 3441 1760 3492 spargentes
1789 3435 1833 3478 in
1861 3437 2019 3491 vulgus
2047 3437 2125 3479 ad-

300 3510 393 3539 esse
422 3495 578 3538 Buzem
618 3508 710 3537 cum
739 3493 900 3550 copiis;
948 3493 1058 3536 velle
1087 3506 1135 3536 se
1179 3493 1480 3549 quamprimum
1516 3493 1611 3536 illas
1653 3494 1698 3536 iu
1728 3495 1871 3538 urbem
1910 3493 2122 3550 accipere,
