2254 3814
350 140 472 197 512
1094 142 1428 196 PROCOPII

348 286 496 341 ῗέπλει.
584 288 668 338 καὶ
702 286 802 337 ἐπεὶ
847 283 1005 351 αὐτῆς
1042 282 1255 355 ἄγχιστα
1288 282 1524 356 ἐγεγόνει,
1577 286 1788 355 πέμψας
1821 287 1961 349 τινὰς
1991 285 2165 359 λάθρα

346 381 453 434 τοῖς
472 376 562 439 τῆς
588 367 779 431 πόλεως
802 369 1024 437 δοκίμοις
1054 368 1318 438 ἐσήμαινεν
1353 373 1422 433 ὡς
1444 372 1704 442 Γερμανὸς
1730 370 1756 425 ὅ
1779 373 2027 439 βασιλέως
2053 372 2166 426 ἀνε-

347 458 470 525 ψιὸς
507 458 557 516 ἐς
593 451 905 523 Καρχηδόνα
948 454 1153 524 ἔναγχος
1187 455 1323 524 ἥκων
1356 456 1756 527 Ἀδραμητηνοΐς
1789 455 1937 526 λόγου
1975 463 2166 511 πολλοῦ

347 542 486 603 ἄξιον
521 536 812 606 στράτευμα
850 539 1055 608 πέμψει.
1143 539 1218 604 οἷς
1243 542 1306 609 δὴ
1333 547 1662 613 θαρσοῦντας
1684 543 1869 596 ἐκέλευε
1892 543 1985 609 τὴν
2009 539 2168 596 νύκτα

345 628 531 693 ἐκείνην
577 624 838 677 ἀνακλῖναι
877 627 1022 695 σφίσι
1063 629 1250 680 πυλίδα
1287 629 1424 694 μίαν.
1516 627 1564 680 οἱ
1622 629 1679 680 δὲ
1727 627 1793 681 τοὶ
1831 629 2208 698 ἐπηγγελμέναὸ

347 711 566 763 ἐποίουν.
655 707 789 762 οὕτω
825 731 877 763 τε
914 708 940 763 ὁ
965 713 1180 774 Παῦλος
1207 712 1293 775 ξὺν
1321 720 1429 774 τοῖς
1452 709 1708 779 ἑπομένοις
1743 713 1884 776 ἐντὸς
1908 718 1999 767 τοῦ
2026 734 2169 781 περι-

286 808 323 850 C
351 793 509 864 βόλου
539 791 803 864 γενόμενος
836 793 958 857 τούς
987 817 1042 850 τε
1074 799 1344 866 πολεμίους
1379 797 1609 860 ἅπαντας
1643 797 1821 852 ἔκτεινε
1854 800 1937 851 καὶ
1971 803 2175 865 βασιλεῖ
2236 848 2239 851 ,

337 879 660 950 Ἀδραμητόν
700 879 1023 948 ἀνεσώσατο,
1069 881 1101 950 ἦ
1141 905 1193 937 τε
1232 883 1365 955 ἀμφὶ
1393 888 1442 936 Γ
1439 889 1639 955 ερμανῷ
1672 881 1817 954 φήμη
1843 883 2047 937 ἐνθένδε
2072 883 2168 953 ἀρ-

344 965 533 1034 ξαμένη
576 965 692 1034 ἄχρι
732 966 783 1027 ἒς
821 965 1136 1036 Καρχηδόνα
1168 966 1431 1039 ἐχώρησεν.
1523 969 1647 1021 οἶδὲ
1675 966 2006 1036 Μαυρούσιοι
2034 965 2166 1021 καὶὸ

344 1049 570 1116 Στότζας
605 1051 693 1113 ξὺν
734 1058 842 1113 τοῖς
876 1050 1138 1121 ἑπομένοις
1174 1060 1338 1107 ταῦτα
1377 1049 1684 1116 ἀκούσαντες
1720 1053 1839 1107 κατ’
1879 1053 2039 1123 ἀρχὰς
2075 1054 2166 1121 μὲν
2185 1063 2239 1105 10

343 1132 757 1207 κατωρρώδησάν
780 1157 834 1189 τε
858 1140 939 1189 καὶ
970 1138 1020 1199 ἐς
1046 1138 1139 1199 τὰς
1163 1136 1374 1207 Λιβύης
1402 1138 1638 1206 ἐσχατιὰς
1660 1136 1925 1210 φεύγοντες
1955 1138 2167 1211 ᾤχοντο,

347 1221 517 1275 ἔπειτα
557 1223 612 1274 δὲ
648 1218 848 1289 γνόντες
885 1221 973 1274 τὸν
1013 1221 1186 1291 ἀληθῆ
1228 1220 1378 1292 λόγον
1414 1223 1551 1276 δεινὰ
1591 1224 1883 1288 ἐποιοῦντο,
1944 1226 1986 1276 εἲ
2023 1222 2170 1276 αὐτοὶ

338 1306 736 1376 Ἀδραμητηνῶν
773 1303 1064 1375 φεισάμενοι
1099 1305 1302 1362 πάντων
1339 1314 1552 1362 τοιαῦτα
1591 1308 1719 1379 πρὸς
1749 1307 1944 1362 ἐκείνων
1982 1305 2170 1361 πεπόν-

343 1398 492 1446 θασι.
568 1390 646 1444 διὸ
673 1390 735 1458 δὴ
764 1398 997 1460 πανταχῆ
1023 1389 1394 1462 ἐπισκήψαντες
1418 1391 1598 1447 ἀνόσια
1618 1396 1831 1461 Λίβυας
1855 1393 1974 1464 ἔργα
1999 1390 2169 1463 εἰργοί-

344 1498 531 1542 σαντο,
579 1475 818 1543 οὐδεμιᾶς
853 1474 1050 1545 ἡλικίας
1083 1476 1407 1548 φεισάμενοι,
1451 1479 1620 1549 γέγονέ
1641 1500 1695 1533 τε
1729 1476 1842 1533 τότε
1875 1477 2166 1550 ἀνθρώπων
2183 1484 2236 1531 15

342 1560 528 1633 ἕρημος
558 1562 638 1614 ἐπὶ
674 1567 906 1616 πλεῖστον
935 1561 964 1632 ἧ
990 1561 1154 1634 χώρα.
1238 1562 1459 1633 Λιβύων
1482 1564 1579 1634 γὰρ
1606 1570 1709 1618 τῶν
1739 1563 2168 1632 ἀπολελειμμένων

246 1679 249 1682 ’
276 1659 317 1703 D
347 1648 394 1701 οἳ
418 1648 510 1715 μὲν
536 1648 585 1709 ἐς
605 1646 697 1709 τὰς
725 1645 892 1710 πόλεις
915 1649 1203 1720 διέφευγον,
1251 1650 1301 1703 οἶ
1335 1651 1390 1703 δὲ
1415 1651 1466 1713 ἔς
1491 1649 1584 1719 τὴν
1613 1651 1841 1704 Σικελίαν
1872 1651 1956 1703 καὶ
1982 1646 2168 1719 νήσους
2231 1707 2235 1712 ,

340 1733 438 1795 τὰς
478 1731 654 1794 ἄλλας.
746 1733 794 1785 οἳ
821 1734 994 1802 μέντοι
1020 1731 1214 1804 λόγιμοι
1249 1733 1468 1798 ἅπαντες
1494 1737 1544 1798 ἔς
1564 1732 1847 1801 Βυζάντιον
1873 1730 2067 1804 ἦλθον,
2113 1736 2168 1788 ἓν

339 1827 446 1880 τοῖς
490 1820 574 1870 καὶ
613 1820 827 1881 Παῦλος
864 1813 953 1888 ἦν,
999 1817 1025 1872 ὃ
1057 1820 1151 1888 τὴν
1177 1819 1495 1891 Ἀδραμητόν
1521 1818 1911 1889 ἀνασωσάμενος
1948 1825 2163 1888 βασιλεῖ.

339 1905 390 1957 οῗ
418 1924 472 1956 τε
501 1901 834 1972 Μαυρούσιοι
864 1903 1155 1975 ἀδεέστερον
1180 1904 1431 1972 ἅπαντες,
1476 1905 1564 1960 ἅτε
1593 1905 1797 1968 οὐδενὸς
1823 1907 1996 1977 σφίσιν
2022 1907 2236 1968 ἔπες’-20

341 1986 508 2050 ιόντος
521 2029 537 2054 ,
584 1982 708 2056 ’ἦγόν
748 2011 801 2042 τε
840 1992 924 2043 καὶ
950 1988 1128 2060 ἔφερον
1167 1989 1368 2044 ἅπαντα
1394 1993 1478 2044 καὶ
1501 1990 1589 2054 ξὺν
1616 1988 1837 2052 αὗτοΐςὸ
1863 1988 2088 2056 Στότζας
2115 1993 2166 2044 ἕν

339 2070 551 2143 δυνάμει
577 2071 646 2126 ὢν
671 2072 787 2143 ἤδη.
870 2072 1106 2143 Ῥωμαῖοι
1131 2075 1228 2148 γὰρ
1247 2076 1386 2150 αὐτῷ
1413 2081 1722 2148 στρατιῶται
1747 2078 1923 2130 πολλοὶ
1946 2078 2162 2143 εἵποντο,

450 2227 494 2269 3.
518 2222 904 2284 Ἀδραμητηνοῖς]
933 2222 1274 2283 Ἀδραμητινοῒς
1300 2226 1338 2268 Ρ
1367 2229 1412 2269 et
1439 2225 1633 2271 similiter
1659 2226 1788 2271 infra.
1903 2228 1946 2272 4.
1974 2226 2163 2284 πέμψει]

447 2283 605 2384 {7:ng
619 2280 857 2340 πέμψοιεν.
917 2284 1139 2342 πέμψειν,
1167 2285 1244 2328 sed
1274 2284 1416 2328 deleto
1445 2298 1501 2339 u,
1527 2285 1578 2328 1..
1717 2286 1761 2330 5.
1792 2284 1921 2342 σφίσι
1948 2286 1997 2328 L.
2059 2287 2163 2342 σφί-

337 2482 528 2538 navigat.
595 2482 661 2525 Ut
689 2482 879 2539 proxime
917 2483 1062 2527 urbem
1092 2484 1240 2540 venit,
1290 2484 1491 2541 quosdam
1531 2484 1770 2537 submittit,
1816 2485 1888 2541 qui
1918 2483 2161 2540 significent

335 2540 550 2598 primariis
580 2539 770 2593 civibus,
801 2542 1082 2593 Germanum,
1113 2541 1293 2596 Augusti
1323 2557 1374 2584 ex
1406 2543 1543 2586 fratre
1572 2550 1792 2599 nepotem,
1826 2542 1946 2586 modo
1979 2542 2161 2584 Cartha-

337 2597 476 2653 ginem
507 2598 754 2649 advectum,
796 2597 1016 2641 florentem
1047 2600 1279 2642 exercitum
1317 2599 1604 2643 Adrumetinis
1634 2600 1815 2644 mittere.
1889 2600 1984 2650 Quo
2014 2599 2159 2641 nuntio
2217 2612 2226 2642 .·

335 2654 492 2697 erectis
528 2655 719 2707 mandat,
773 2661 821 2696 ut
860 2671 911 2698 ea
951 2663 1077 2699 nocte
1119 2662 1283 2712 portam
1323 2670 1445 2699 unam
1488 2657 1699 2714 aperiant.
1776 2657 2055 2712 Exequuntur
2094 2656 2157 2698 ini

334 2711 557 2754 mandata:
595 2712 742 2768 itaque
772 2713 927 2754 Paulus
956 2713 999 2755 in
1029 2715 1176 2756 urbem
1205 2728 1297 2756 cum
1325 2714 1545 2756 comitibus
1575 2718 1802 2770 acceptus,
1831 2714 1949 2755 facta
1978 2713 2157 2755 hostium
2227 2734 2234 2744 ι

332 2767 648 2820 internecione,
689 2770 961 2812 Adrumetum
990 2772 1181 2826 Augusto
1211 2770 1502 2827 recuperavit:
1550 2771 1662 2814 fama
1691 2778 1831 2813 autem
1860 2769 1914 2813 de
1943 2771 2158 2813 Germano

333 2826 405 2867 hic
422 2826 646 2876 excitata,
678 2826 977 2882 Carthaginem
1006 2842 1140 2884 usque
1169 2829 1372 2885 pervasit.
1431 2828 1514 2871 His
1543 2827 1684 2871 Mauri
1713 2842 1764 2870 ac
1792 2828 1972 2879 Stozas,
2001 2827 2158 2882 quique

331 2882 468 2939 ipsum
499 2885 812 2939 sequebantur,
845 2885 1026 2937 auditis,
1056 2885 1178 2928 initio
1210 2886 1379 2941 quidem
1409 2885 1514 2928 adeo
1543 2885 1686 2928 territi
1716 2886 1860 2936 fuere,
1898 2892 1948 2927 ut
1974 2885 2027 2925 ad
2057 2898 2157 2926 oras

333 2946 543 2981 extremas
575 2940 747 2982 Africae
776 2941 977 2995 fugerint.
1035 2945 1093 2986 At
1121 2948 1273 2998 postea
1300 2957 1363 2994 re,
1405 2948 1454 2985 ut
1482 2953 1587 2985 vere
1615 2956 1662 2985 ae
1690 2942 1890 2992 habebat,
1923 2946 2159 2994 comperta,
2183 2963 2189 2969 ·

335 2996 525 3052 graviter
555 2997 751 3039 commoti
780 3006 905 3049 sunt,
936 2999 1051 3054 quod
1079 3013 1170 3042 cum
1199 2999 1284 3055 ipsi
1314 2999 1601 3042 Adrumetinis
1630 2998 1818 3042 omnibus
1847 2997 2155 3054 pepercissent,

331 3061 417 3095 tam
447 3052 553 3095 male
582 3059 726 3095 essent
755 3055 808 3095 ab
838 3055 890 3096 iis
922 3056 1069 3098 habiti.
1130 3057 1406 3113 Quapropter
1446 3057 1584 3099 effuso
1614 3068 1952 3112 quoquoversum
1979 3055 2154 3111 impetu,

330 3110 376 3152 in
406 3111 557 3161 Afros,
613 3111 703 3153 sine
748 3111 830 3152 ullo
862 3113 1017 3154 aetatis
1057 3112 1323 3164 discrimine,
1362 3113 1576 3156 feritatem
1615 3113 1830 3155 immanem
1861 3118 2155 3156 exercuerunt.

332 3168 462 3209 Tunc
490 3168 692 3223 temporis
721 3181 872 3222 magna
901 3175 994 3210 erat
1023 3170 1064 3210 in
1095 3170 1210 3224 agris
1240 3171 1450 3212 solitudo:
1490 3184 1580 3211 cum
1610 3169 1731 3218 Afri,
1764 3182 1869 3224 quos
1898 3170 2054 3210 ferrum
2085 3182 2157 3211 re-

330 3223 471 3279 liquos
501 3226 689 3276 fecerat,
730 3226 883 3280 partim
925 3226 969 3267 in
999 3228 1148 3278 urbes,
1193 3227 1344 3281 partim
1373 3228 1417 3269 in
1446 3226 1632 3268 Siciliam
1662 3226 1853 3279 aliasque
1882 3225 2039 3268 insulas
2068 3225 2155 3267 dif-

331 3282 558 3336 fugissent.
616 3282 828 3324 Primores
854 3296 994 3324 omnes
1023 3283 1276 3337 Byzantium
1306 3299 1352 3326 se
1381 3283 1624 3326 contulere:
1654 3297 1737 3339 quo
1769 3282 1812 3323 in
1843 3297 2013 3325 numero
2041 3282 2154 3324 Pau-

331 3338 398 3380 lus
430 3339 524 3389 suit,
554 3338 591 3380 is
621 3338 694 3395 qui
721 3339 970 3394 Imperatori
990 3340 1262 3382 Adrumetum
1293 3345 1634 3396 recuperaverat.
1690 3340 1861 3383 Interea
1884 3339 2025 3382 Mauri
2055 3339 2153 3381 uni-

331 3395 471 3446 versi,
518 3396 632 3438 nulla
672 3396 894 3452 eruptione
924 3397 1149 3452 prohibiti,
1197 3398 1336 3440 omnia
1376 3398 1544 3453 impune
1573 3397 1826 3449 vastabant,
1874 3402 1918 3439 et
1947 3395 2153 3438 cumillis

328 3451 506 3508 stuzas,
549 3453 631 3497 iam
668 3460 838 3512 potens.
895 3455 1053 3511 -Ipsum
1083 3454 1190 3498 enim
1218 3454 1398 3498 Romani
1436 3454 1589 3498 milites
1617 3468 1767 3510 magno
1796 3467 1970 3497 numero
1999 3467 2153 3510 seque-
