2184 3822
260 190 341 246 90
1006 190 1339 245 PROCOPII

258 338 351 401 γῆν
377 354 428 386 τε
454 330 786 402 πορευθέντες
807 330 920 384 τινὰ
941 327 1129 401 ἔρημον
1160 329 1480 403 ἀνθρώπων,
1530 330 1678 404 ἄφνω
1703 332 1754 395 ἒς
1778 332 1871 402 τὴν
1893 336 2081 401 Κομα-

253 423 419 486 γηνῶν
454 417 775 483 καλουμένων
804 416 896 482 τὴν
930 414 1104 486 χώραν
1135 418 1275 488 παρὰ
1311 415 1465 481 δόξαν
1491 419 1783 486 ἐσέβαλλον.
1868 417 1998 487 αὕτη
2028 441 2080 472 τε

255 500 431 573 πρώτη
460 502 662 555 ἐνθένδε
682 505 903 570 Περσῶν
928 501 1112 570 ἐσβολὴ
1138 503 1188 565 ἐς
1214 508 1308 573 γῆν
1334 503 1428 572 τὴν
1447 501 1710 572 Ῥωμαίων
1737 502 1940 573 ἐγένετο,
1982 502 2078 557 ὅσα

186 600 224 642 Β
253 608 304 656 γε
332 590 400 649 εἷς
423 586 557 655 ἡμᾶς
581 586 709 656 ἀκοῇ
732 584 764 652 ἢ
789 582 962 660 τρόπῳ
992 609 1064 660 τῳ
1091 586 1231 661 ἄλλῳ
1256 589 1565 642 ἐπίστασθαι
1578 629 1594 654 ,
1630 591 1712 641 καὶ
1736 585 1931 649 πάντας
1953 585 2079 641 Ῥω-

248 673 434 739 μαίους
454 677 526 742 τῷ
555 668 925 745 ἀπροσδοκήτῳ
950 673 1268 742 κατέπληξεν.
1357 672 1391 726 ἃ
1419 673 1480 741 δὴ
1506 674 1607 726 ἐπεὶ
1632 670 1931 742 Βελισάριος
1954 672 2122 740 ἤια-5

103 771 146 813 Η
176 771 232 814 29
263 763 345 821 θε,
380 757 446 808 τὰ
468 757 560 822 μὲν
587 761 769 824 πρῶτα
797 759 1104 828 διηπορεῖτο,
1138 758 1269 826 μετὰ
1293 759 1349 810 δὲ
1370 764 1588 826 βοηθεῖν
1610 759 1740 811 κατὰ
1762 757 1916 826 τάχος
1937 757 2077 825 ἔγνω.

254 837 488 911 φυλακήν
512 862 566 894 τε
591 838 821 911 αὐτάρκη
852 843 904 895 ἓν
947 841 1087 896 πόλει
1110 840 1299 914 ἑκάστῃ
1329 841 1776 911 καταστησάμενος
1786 885 1802 908 ,
1846 841 1982 904 ὅπως
2008 843 2079 912 μὴ

251 923 507 994 Καβάδης
542 948 595 979 τε
634 929 716 979 καὶ
752 924 1047 998 στράτευμα
1081 934 1184 982 τῶν
1218 930 1471 996 πολεμίων
1507 927 1631 981 ἄλλο
1659 929 1888 981 ἐνταῦθα
1923 925 2081 989 ἰόντες

252 1009 526 1080 ἀφύλακτα
566 1011 625 1064 τὸ
654 1009 902 1082 παράπαν
937 1010 1209 1084 εὑρήσουσι
1247 1013 1314 1067 τὰ
1346 1012 1426 1066 ἐπὶ
1451 1015 1862 1081 Μεσοποταμίας
1893 1014 2076 1083 χωρία,

255 1096 412 1157 αὐτὸς
434 1101 507 1169 τῷ
548 1095 685 1170 ἄλλῳ
709 1103 914 1171 στρατῷ
947 1097 1263 1167 ὑπηντίαζεν,
1309 1093 1591 1170 Εὐφράτην
1623 1119 1675 1151 τε
1699 1098 1930 1165 ποταμὸν
1963 1100 2076 1151 δια-
2093 1115 2184 1159 1οϊ

246 1178 429 1248 βάντες
455 1184 654 1252 σπουδῇ
681 1187 844 1254 πολλῇ
869 1181 1047 1254 πρόσω
1073 1182 1311 1254 ἐχώρουν.
1360 1181 1387 1237 ὃ
1407 1186 1499 1252 μὲν
1522 1178 1611 1238 οὖν
1632 1181 1893 1253 Ῥωμαίων
1918 1205 2079 1254 στρα-

249 1266 339 1327 τὸς
370 1269 421 1327 ἒς
446 1268 745 1338 δισμυρίους
772 1266 996 1335 μάλιστα
1034 1267 1213 1334 πεζούς
1233 1291 1288 1322 τε
1313 1271 1398 1322 καὶ
1422 1270 1602 1332 ἱππέας
1625 1267 1787 1340 ξυνῇει
1800 1310 1817 1334 ,
1863 1271 1947 1321 καὶ
1983 1268 2079 1321 αὖ·
2175 1257 2184 1364 i

185 1359 223 1402 C
252 1357 355 1404 τῶν
378 1350 607 1422 ’Ἰσαυροι
645 1352 740 1421 οὐχ
777 1346 938 1421 ἧσσον
972 1352 1006 1423 ἢ
1042 1356 1274 1422 δισχίλιοι
1305 1349 1454 1422 ἦσαν.
1521 1354 1779 1425 ’ἄρχοντες
1805 1355 1860 1407 δὲ
1891 1354 2080 1407 ἱππέων

247 1438 340 1504 μὲν
368 1434 585 1498 ἅπαντες
612 1431 770 1503 ἦσαν,
819 1438 876 1490 οἳ
905 1439 968 1491 τὰ
995 1437 1218 1509 πρότερα
1241 1438 1335 1508 τὴν
1371 1441 1424 1492 ἓν
1458 1437 1646 1510 Δάρας
1680 1437 1851 1508 μάχην
1873 1439 2002 1506 πρός
2024 1460 2078 1492 τε
2171 1432 2180 1513 ξ

249 1521 462 1591 Πέρσας
494 1523 578 1574 καὶ
605 1519 884 1592 Μιρράνην
926 1521 1217 1592 διήνεγκαν,
1256 1526 1417 1588 πεζῶν
1442 1525 1498 1577 δὲ
1531 1530 1636 1578 τῶν
1669 1545 1746 1586 τις
1773 1523 2076 1595 δορυφόρων
2090 1540 2145 1584 15

241 1605 604 1659 Ἰουστινιανοῦ
642 1607 922 1673 βασιλέως,
977 1609 1182 1679 Πέτρος
1219 1606 1397 1676 ὄνομα.
1485 1618 1594 1672 τοῖς
1625 1610 1796 1678 μέντοι
1825 1607 2077 1679 ’Ῑσαύροις

243 1688 502 1761 Λογγῖνός
527 1712 580 1744 τε
605 1694 688 1744 καὶ
710 1690 1058 1763 Στεφανάκιος
1082 1691 1439 1764 ἐφειστήκεσαν
1454 1712 1466 1724 ·
1499 1696 1731 1749 &nawa
1753 1695 1808 1748 δὲ
1832 1697 1916 1747 καὶ
1933 1695 2075 1765 Ἀρέ-

240 1781 347 1838 θας
373 1776 546 1838 αὐτοῖς
585 1777 674 1840 ξὺν
700 1782 774 1849 τῷ
800 1783 1118 1848 Σαρακηνῶν
1146 1777 1490 1848 στρατεύματι
1532 1775 1709 1847 ἦλθεν.
1799 1781 1907 1832 ἐπεί
1928 1802 1978 1832 τε
2005 1783 2074 1842 εἷς

238 1864 480 1914 Χαλκίδα
516 1859 660 1914 πόλιν
695 1861 968 1932 ἀφίκοντο,
1029 1862 1637 1933 ἓνστρατοπεδευσάμενοι
1679 1865 1838 1918 αὐτοῦ
1876 1864 2067 1933 Ξζιιενον,

237 1947 345 1999 ἐπεὶ
374 1946 494 2008 τοὺς
526 1948 798 2014 πολεμιόυς
832 1948 884 2000 ἐν
904 1949 1077 2020 χωρίῳ
1116 1952 1168 2000 Γ
1164 1954 1438 2016 αββουλῶν
1463 1947 1587 2003 εἶναι
1623 1949 1900 2016 ἐπίθοντο,
1948 1951 2066 2003 δέκα
2083 1967 2139 2011 20
2151 2007 2157 2027 ,1

231 2034 315 2084 καὶ
344 2029 523 2085 ἑκατὸν
549 2032 791 2094 σταδίους
812 2035 1077 2095 Χαλκίδος
1103 2033 1332 2102 διέχοντι.
1423 2032 1450 2088 ὃ
1478 2035 1539 2103 δὴ
1563 2034 1760 2105 γνόντες
1784 2033 2068 2102 Ἀλαμούν-

166 2127 207 2170 D
240 2115 397 2188 δαρός
432 2139 486 2170 τε
519 2119 603 2169 καὶ
628 2111 910 2187 Ἀζαρέθης
949 2115 1040 2172 τόν
1078 2140 1132 2172 τε
1167 2121 1400 2172 κίνδυνον
1442 2119 1925 2190 κατορρωδήσαντες
1958 2121 2066 2173 ἐπί-

233 2207 466 2273 προσθεν
494 2201 661 2256 οὐκέτι
688 2199 930 2273 ἐχώρουν,
970 2202 1086 2257 ἀλλ’
1121 2203 1203 2257 ἐπ’
1233 2203 1372 2258 οἴκου
1396 2204 1460 2274 δὴ
1489 2204 1671 2259 αὐτίκα
1695 2206 1759 2275 δὴ
1785 2205 2065 2277 ἀποχωρεῖν

2159 2211 2176 2350 ἰ

347 2367 389 2410 3.
417 2363 503 2423 τήν
530 2368 630 2410 Hm.
689 2368 782 2412 ταῖν
809 2367 862 2411 Ρ.
1038 2367 1108 2413 14.
1134 2366 1362 2426 πρότεροι]
1390 2366 1616 2424 πρότερον
1643 2369 1798 2413 Suidas
1825 2384 1860 2413 s.
1889 2384 1930 2412 v.
1964 2365 2066 2425 διή-
2162 2396 2171 2412 2

344 2439 533 2478 νεγκανε
571 2425 647 2469 sed
676 2424 878 2481 πρότερα
905 2439 940 2468 s.
970 2441 1013 2469 v.
1045 2423 1218 2482 Δάρας.
1393 2429 1468 2473 20.
1509 2429 1820 2487 Γαββουλῶν]
1860 2428 2062 2486 γαμβου-
2163 2421 2175 2501 ⁸5¹

342 2483 435 2526 λῶν
464 2482 516 2526 L.
628 2485 701 2528 21.
730 2484 977 2538 σταδίους]
1007 2486 1210 2536 σταδίοις
1237 2485 1288 2528 L.
2158 2498 2173 2542 ζἸ

228 2621 406 2666 litudine
448 2627 708 2679 peragrata,
758 2624 804 2667 in
845 2626 1118 2682 Comagenen
1154 2630 1333 2684 repente
1371 2625 1673 2683 inopinataque
1713 2626 1899 2684 ingressi
1937 2632 2059 2679 sunt3

228 2680 343 2721 unde
384 2693 593 2735 nunquam
631 2681 790 2724 Persas
827 2682 870 2723 in
903 2683 1121 2727 Romanae
1151 2684 1320 2727 ditionis
1349 2689 1488 2727 terras
1515 2684 1736 2727 immisisse
1762 2698 1808 2727 se
1837 2685 1907 2727 vel
1935 2684 2060 2728 audi·
2163 2735 2166 2741 .

226 2737 343 2778 tione
371 2737 440 2779 vel
469 2737 552 2778 alia
581 2738 778 2793 quapiam
807 2740 974 2783 ratione
1002 2742 1258 2798 accepimus.
1323 2741 1459 2783 Nemo
1489 2755 1571 2783 non
1602 2743 1820 2798 perculsus
1848 2741 1933 2784 fuit
1962 2741 2056 2783 ino-
2145 2739 2171 2826 3

224 2793 370 2850 pinato
411 2794 695 2836 Bar-batorum
738 2795 950 2838 adventu:
1000 2798 1055 2840 de
1095 2813 1179 2854 quo
1218 2800 1358 2842 factus
1409 2799 1568 2841 certior
1606 2798 1863 2850 Belisarius‚
1915 2798 2057 2841 haesit
2142 2830 2161 2859 ,Α

220 2851 358 2907 primo
387 2850 512 2907 inops
542 2851 735 2903 consilii3
777 2852 930 2895 deinde
970 2855 1124 2897 statuit
1154 2870 1337 2911 propera
1365 2855 1564 2898 auxilium
1593 2856 1721 2899 ferre.
1783 2856 1931 2906 Quare
1959 2869 2054 2898 cum
2140 2849 2164 2915 ¹}

218 2909 345 2950 urbes
386 2907 578 2963 singulas
617 2907 771 2950 idoneo
812 2909 1026 2965 praesidio
1068 2913 1388 2964 communisset,
1429 2927 1484 2954 ne
1513 2914 1712 2955 Cabades
1750 2912 1787 2954 si
1821 2912 2053 2955 exercitum
2154 2919 2158 2932 ’

218 2966 397 3007 alterum
429 2966 605 3006 duceret
632 2965 676 3006 in
708 2966 1084 3022 Mesopotamiam,
1114 2970 1240 3024 plane
1266 2969 1565 3012 incustoditam
1594 2969 1857 3020 offenderet3
1901 2984 2054 3026 perre-

218 3022 284 3064 xit
313 3022 479 3064 cbviam
511 3035 603 3062 cum
632 3021 810 3078 reliquis
839 3024 1000 3079 copiis,
1041 3039 1150 3080 quae
1178 3026 1421 3069 transmisso
1454 3026 1703 3082 Euphrate,
1730 3027 1910 3068 ulterius
1939 3027 2052 3069 cele-

219 3079 354 3121 ritate
383 3079 557 3120 maxima
585 3079 911 3124 contenderunt.
978 3081 1070 3123 Eae
1103 3084 1357 3126 constabant
1383 3082 1568 3138 peditum
1598 3083 1871 3139 equitumque
1900 3098 1973 3126 xx.
2002 3097 2050 3125 Μ.

220 3134 286 3177 bis
320 3136 434 3177 mille
470 3134 679 3177 minimum
711 3136 851 3178 Isauri
889 3143 1024 3180 erant.
1085 3139 1332 3195 Equitatum
1361 3139 1572 3182 ducebant
1598 3140 1727 3183 iidem
1756 3140 1844 3192 illi,
1890 3140 1962 3196 qui
1993 3140 2048 3182 ad

221 3192 379 3235 Daram
410 3206 501 3233 cum
532 3191 674 3233 Persis
704 3200 748 3234 et
778 3193 993 3236 Mirrhane
1032 3202 1355 3250 pugnaverunt3
1399 3196 1634 3252 peditatum
1679 3197 1834 3239 Petrus
1873 3210 1980 3239 unus
2022 3211 2048 3239 e

217 3249 445 3292 Iustiniani
474 3249 792 3300 Praetorianis3
821 3250 993 3293 Isauros
1015 3252 1232 3307 Longinus
1264 3269 1316 3296 ac
1344 3254 1679 3309 Stephanacius3
1709 3253 1884 3296 advenit
1914 3255 2044 3296 etiam

217 3307 400 3350 Arethas
430 3320 521 3348 cum
550 3305 792 3349 Saracenis.
838 3306 924 3348 Ubi
955 3308 1201 3351 Chalcidem
1228 3316 1539 3367 pervenerunt,
1566 3310 1629 3352 ibi
1661 3311 1846 3353 fixerunt
1873 3316 2044 3362 castra3

219 3363 416 3420 quoniam
455 3364 618 3406 hostem
657 3376 752 3405 esse
783 3364 996 3406 Gabbulis
1040 3367 1298 3418 audiebant,
1341 3366 1454 3410 haud
1494 3366 1664 3423 longius
1694 3368 1748 3410 ab
1777 3369 1884 3410 urbe
1913 3368 2042 3409 Chal-

218 3421 313 3464 cide
343 3435 411 3463 cx.
441 3418 606 3464 stadiis.
667 3419 716 3460 ld
746 3434 836 3462 cum
868 3421 1083 3464 audissent
1115 3424 1419 3466 Alamundarus
1447 3428 1493 3467 et
1521 3425 1782 3476 Azarethes,
1823 3438 1897 3467 eos
1927 3424 2044 3481 peri-

217 3478 301 3521 culi
340 3482 476 3522 metus
505 3490 588 3520 non
621 3477 743 3520 modo
774 3478 1006 3534 repressit,
1043 3479 1120 3522 sed
1160 3479 1325 3537 impulit
1354 3481 1482 3525 etiam
1515 3482 1570 3524 ad
1600 3481 1889 3526 maturandum
1923 3481 2040 3525 redi-
