2184 3822
253 202 372 259 152
916 199 1245 255 ARGUMEN
1248 199 1412 254 TUM.

246 352 519 408 postulatque
542 364 636 394 cum
659 349 856 393 Chosroe.
921 348 1150 404 Utriusque
1183 348 1407 392 orationes.
1440 347 1531 404 (7.)
1616 347 1732 391 Petit
1754 345 1957 389 chosroes
1982 347 2073 389 An-

248 409 476 464 tiochiam,
533 414 575 450 et
605 408 780 451 obsidet.
857 405 1150 449 Antiochenae
1180 407 1316 462 plebis
1344 405 1591 448 insolentia.
1667 405 1816 447 Muros
1850 411 2074 460 oppugnat

252 466 468 508 Chosroes.
528 466 797 506 Obsessorum
827 463 1134 518 imprudentia.
1196 464 1361 506 Ducum
1384 477 1435 506 ac
1455 463 1639 505 militum
1664 465 1788 516 fuga
1806 475 1901 503 cum
1923 468 2075 516 strage

249 523 418 565 civium.
478 523 634 564 Persae
663 535 806 563 muros
828 521 1092 572 ascendunt,
1119 529 1246 576 seque
1273 521 1319 563 in
1343 520 1531 563 mediam
1554 519 1701 562 urbem
1721 520 1927 572 inferunt.
1985 524 2076 560 An-

249 572 432 623 tiocheni
452 579 738 620 adolescentes
760 578 935 620 strenui.
992 579 1113 625 Accit
1131 578 1319 634 Legatos
1339 579 1556 620 Chosroes.
1614 577 1767 619 Oratio
1791 575 2075 630 Zaberganis.

252 637 418 677 Civium
445 642 629 690 strages.
688 637 819 678 Amor
834 635 1084 689 pudicitiae.
1118 636 1207 690 (8.)
1289 635 1438 677 Oratio
1460 634 1655 677 Chosrois
1674 634 1736 676 ad
1757 634 1928 686 legatos
1952 632 2077 676 Rom.

249 693 456 734 Eiusdem
477 692 699 748 ingenium
720 698 762 736 et
778 706 929 734 mores.
986 693 1181 735 Aucto-ris
1202 692 1407 734 iudicium
1428 692 1482 733 de
1494 691 1697 733 Fortuna.
1760 690 1884 731 Urbis
1897 689 2077 742 direptio

249 756 293 793 et
315 749 568 791 incendium.
598 749 688 805 (9.)
773 749 1039 792 Antiochena
1063 749 1291 791 calamitas
1315 754 1476 792 ostento
1496 747 1823 804 praenuntiata.
1880 746 2078 788 Auctoris

249 807 463 848 sententia
496 806 549 847 de
577 807 721 849 divino
753 808 940 858 consilio.
1002 808 1223 860 Templum
1246 807 1535 856 suburbanum
1561 807 1614 848 D.
1640 804 1800 849 Iuliani
1821 817 1906 849 non
1931 804 2078 844 incen-

249 864 368 906 ditur
392 864 633 919 legatorum
652 864 819 920 gratia.
873 866 1031 906 Eorum
1052 864 1189 906 oratio
1213 864 1273 905 ad
1301 864 1551 905 Chosroem=
1578 863 1704 904 huius
1723 861 1938 915 querelae.
1999 860 2079 902 Al-

250 921 446 964 tercatio.
505 920 632 963 Pacis
663 921 904 976 compositio
929 922 1135 963 Romanis
1155 922 1455 977 ignominiosa.
1487 919 1604 974 (10.)
1695 918 1899 959 Chosroes
1931 918 2080 959 Seleu-

250 977 362 1019 ciam
391 978 592 1020 divertit=
633 979 679 1020 in
699 980 814 1021 mari
833 980 978 1021 lavat.-
1018 979 1107 1021 Soli
1129 979 1357 1033 sacrificat.
1421 978 1594 1033 Cogitat
1620 976 1871 1030 Apameam.
1927 974 2080 1029 Daph-

250 1049 335 1076 nen
355 1035 598 1077 suburbium
623 1036 747 1078 visit.-
790 1037 928 1078 lucum
949 1049 1001 1078 ac
1014 1040 1161 1090 fontes
1183 1038 1388 1078 miratur.-
1430 1033 1639 1089 Nymphis
1658 1033 1892 1085 sacrificat.
1952 1033 2080 1073 'Pem-

248 1093 368 1147 plum
405 1092 628 1135 Michaelis
669 1093 931 1149 Archangeli
967 1094 1220 1136 incenditur.
1277 1095 1552 1148 Segmentum
1585 1091 1732 1132 Crucis
1770 1089 1930 1132 Christi
1959 1091 2079 1143 Apa-

251 1163 375 1193 meae
406 1156 619 1192 servatur.
689 1151 964 1199 Miraculum.
1037 1151 1224 1192 Thomas
1265 1151 1457 1202 Antistes
1499 1148 1642 1204 prodit
1677 1147 1846 1195 obviam
1890 1147 2080 1188 Clzosroi.

251 1206 396 1255 Huius
427 1207 626 1261 perfidia.
685 1208 823 1251 Favet
859 1208 906 1250 in
934 1207 1053 1250 Circo
1087 1208 1309 1258 Prasinis‚
1339 1208 1443 1262 quia
1467 1206 1731 1249 lastinianus
1763 1204 1931 1247 Venetis
1946 1207 2079 1258 save-

251 1264 341 1306 bat.
403 1264 579 1306 Persam
600 1270 887 1320 stupratorem
906 1271 1041 1307 morte
1062 1266 1211 1319 officit.
1241 1264 1358 1319 (ll.)
1429 1263 1632 1305 Chosroes
1649 1263 1874 1317 pecuniam
1896 1262 2081 1317 imperat

252 1320 612 1363 Chalcidensibus.
671 1323 939 1376 Euphratem
973 1322 1151 1364 traiicit.
1210 1321 1273 1363 De
1304 1321 1538 1363 obsidenda
1563 1320 1730 1362 Edessa
1752 1320 1930 1375 cogitat.
1988 1322 2080 1361 Au-

249 1392 389 1434 garus
419 1379 646 1434 Toparcha
670 1380 768 1421 olim
794 1381 987 1435 Augusto
1009 1379 1116 1434 Imp.
1140 1378 1398 1420 carissimus.
1453 1378 1572 1420 Mira
1605 1378 1815 1419 narratio.
1877 1376 1969 1417 Soli
1997 1390 2081 1418 na-

251 1435 356 1485 talis
378 1449 499 1479 amor
520 1437 688 1492 ingens.
746 1436 948 1492 Egregia
967 1437 1228 1478 Circensium
1262 1434 1466 1490 definitio.
1525 1434 1729 1490 Elegium
1755 1434 1854 1475 Iesu
1876 1433 1959 1475 Dei
1972 1434 2080 1488 filii.

252 1492 364 1533 Eius
402 1494 582 1547 epistola
619 1494 678 1534 ad
712 1495 940 1549 Augurum
970 1494 1018 1535 in
1047 1494 1182 1548 portis
1210 1492 1404 1534 Edessae
1433 1493 1660 1546 exscripta.
1721 1492 1856 1534 Inane
1884 1491 2082 1534 Chosrois

253 1550 459 1591 adversus
479 1550 625 1591 urbem
647 1551 768 1593 illam
790 1551 1024 1599 consilium.
1053 1551 1170 1605 (12.)
1246 1549 1510 1596 lastinianus
1529 1550 1590 1591 ad
1615 1549 1839 1590 Chosroem
1865 1549 2013 1591 scribit
2039 1553 2081 1591 et

251 1613 374 1649 ratas
403 1607 532 1649 habet
560 1608 682 1662 pacis
713 1609 986 1652 conditiones.
1043 1609 1356 1649 Edessenorum
1395 1606 1507 1649 mira
1537 1607 1782 1662 benignitas
1816 1606 1863 1648 in
1891 1607 2081 1661 captivos

254 1664 553 1706 Antiochenos.
613 1665 823 1707 Carrheni
858 1679 933 1707 cur
967 1666 1134 1719 accepti
1165 1665 1355 1710 Chosroi.
1415 1664 1738 1712 Constantinam
1773 1665 1855 1706 sibi
1887 1664 2082 1706 vindicat
2126 1664 2135 1677 ‘

253 1722 467 1764 Chosroes.
509 1722 677 1764 Cabadi
699 1723 877 1764 dextera
899 1723 1154 1765 monstranti
1175 1722 1383 1765 Edessam
1404 1721 1550 1764 dicunt
1569 1722 1695 1778 Magi
1709 1722 1823 1773 felia·
1844 1722 1939 1763 urbi
1960 1735 2082 1763 omen

251 1778 307 1821 ab
343 1779 434 1832 ipso
467 1779 631 1824 datum.
690 1780 936 1822 Baradotus
961 1781 1195 1835 Episcopus
1222 1785 1396 1822 sanctus
1424 1779 1639 1822 Cabadcm
1657 1780 1819 1834 placat.
1881 1779 2082 1820 Chosroes

252 1837 420 1878 Daram
436 1839 610 1889 srustra
634 1837 809 1879 obsidet.
838 1837 954 1891 (13.)
1014 1836 1432 1886 Chosroantioehiam
1454 1837 1634 1891 captivis
1659 1836 1931 1878 Antiochenis
1951 1836 2082 1878 Chos-

254 1906 349 1936 roes
390 1893 543 1935 condit.
615 1894 737 1935 Urbis
770 1895 886 1936 illius
916 1895 1029 1937 iura.
1087 1895 1313 1937 Anastasii
1327 1895 1573 1948 principatu
1594 1894 1710 1936 lucus
1733 1894 1936 1947 Daphnes
1953 1899 2079 1936 vento

257 1955 417 1994 erutus.
479 1951 565 1992 Sub
615 1951 773 1992 Iustino
810 1952 1044 1994 horrendus
1080 1957 1223 1994 terrae
1259 1957 1398 1994 motus
1428 1951 1696 1993 Antiochiae.
1755 1952 1997 1994 Itcvocatus
2028 1964 2079 1992 es:

254 2008 390 2049 Italia
420 2007 656 2049 Belisarius
690 2009 797 2049 bello
830 2009 992 2051 Persico
1021 2010 1284 2064 praeficitur.
1344 2009 1459 2059 Eum
1491 2015 1727 2065 sequuntur
1765 2009 1929 2050 Gotthi.
1989 2009 2080 2063 By-

253 2065 390 2107 zantii
415 2065 603 2106 subsistit
634 2064 826 2121 Vittigis.
860 2066 977 2120 (14.)
1066 2067 1198 2120 Origo
1224 2067 1323 2109 belli
1347 2066 1509 2108 Lazici.
1568 2066 1781 2108 lazorum
1805 2067 1951 2121 Reges
1972 2066 2080 2107 insi-

252 2121 364 2178 gnia
388 2123 442 2162 ab
469 2123 729 2176 Imperatore
754 2124 871 2164 llom.
902 2123 1092 2178 accipere
1112 2124 1238 2166 soliti.
1301 2124 1451 2166 Petrus
1474 2125 1569 2165 Dua·
1599 2123 1888 2165 avarissimus.
1950 2123 2080 2164 Ioan-

253 2193 328 2221 nes
364 2179 520 2221 Tzibus
554 2181 834 2234 monopolium
873 2180 1030 2223 Petrae
1060 2181 1259 2224 instituit.
1319 2181 1582 2236 Legatorum
1609 2181 1821 2222 Lazorum
1855 2181 1914 2222 ad
1946 2181 2082 2222 Cleon-

251 2250 368 2279 roem
390 2237 542 2278 oratio.
600 2237 800 2279 Clzosrocs
819 2252 912 2279 eum
936 2239 1038 2293 ipsis
1064 2239 1290 2280 deliberat.
1318 2238 1439 2293 (15.)
1520 2238 1659 2280 Mittit
1683 2239 1916 2280 Belisarius
1937 2239 2080 2292 explo-

252 2299 420 2335 ratores
451 2294 498 2334 in
535 2293 763 2335 Persidem.
824 2297 968 2337 Darae
1004 2296 1215 2338 deliberat
1239 2310 1333 2338 cum
1360 2295 1545 2338 Ducibus
1564 2295 1784 2338 Romanis.
1842 2299 2086 2338 &araceum

253 2365 349 2393 rum
374 2351 700 2393 idololatrarum
721 2366 822 2396 mos.
852 2355 966 2407 (16.)
1026 2353 1227 2395 Chosroes
1244 2354 1290 2394 in
1312 2353 1516 2395 Lazicam
1535 2354 1755 2406 pervenit,
1783 2358 1826 2395 et
1850 2367 1879 2394 a
1904 2353 2080 2395 Gubuze

254 2408 468 2450 Lazorum
499 2408 623 2463 Rege
651 2409 873 2451 adoratur.
932 2410 1003 2453 Ad
1025 2412 1171 2453 urbem
1194 2411 1364 2453 Petram
1383 2411 1499 2453 male
1527 2411 1667 2453 habiti
1690 2411 1861 2453 Persae.
1922 2410 2080 2452 Petrae

253 2465 375 2508 situs.
433 2466 502 2507 Ea
524 2467 687 2519 potitur
708 2467 921 2509 Chosroes.
953 2468 1074 2523 (17.)
1145 2469 1385 2511 Belisarius
1410 2467 1575 2511 Nisibin
1591 2469 1714 2523 petit.
1773 2468 1879 2510 Eius
1902 2468 1962 2510 acl
1990 2469 2079 2510 Du-

251 2537 321 2564 ces
347 2523 564 2565 Romanos
584 2524 736 2566 oratio.
799 2525 956 2566 Persae
990 2525 1166 2568 Nabede
1186 2527 1292 2568 duce
1313 2526 1358 2568 in
1386 2526 1599 2567 Romanos
1622 2532 1862 2580 erumpunt.
1923 2526 2080 2580 Confli-

251 2580 387 2636 gitur.
420 2580 537 2634 (18.)
625 2582 861 2623 Betis-arius
891 2583 1182 2624 Sisauranum
1214 2584 1436 2626 castelium
1466 2583 1640 2626 obsidet.
1702 2584 1840 2626 Duces
1862 2583 2079 2625 Romanos

253 2637 501 2690 alloquitur.
561 2638 766 2679 Aretham
787 2639 833 2679 in
854 2641 1072 2692 Assyriam
1094 2642 1310 2683 incurrere
1327 2641 1460 2683 iubet.
1520 2640 1750 2683 Castellum
1781 2642 1912 2695 capit.
1974 2641 2078 2682 Per-

252 2707 325 2736 sas
343 2694 558 2736 dedititios
583 2696 717 2736 mittit
741 2697 1008 2749 Byzantium.
1072 2699 1211 2740 Fraus
1236 2698 1437 2741 Arethae.
1498 2697 1698 2739 Romana
1721 2704 1864 2740 castra
1881 2698 2078 2750 febribus

252 2755 494 2792 vastantur.
555 2751 728 2792 Ioannis
761 2754 898 2795 oratio
933 2755 993 2796 ad
1022 2755 1295 2799 Belisarium.
1351 2755 1545 2798 Chosrois
1572 2755 1618 2796 in
1647 2755 1860 2797 Persidem
1891 2761 1934 2797 et
1959 2756 2077 2797 Beli-

251 2807 360 2851 sarii
393 2808 650 2861 Byzantium
681 2810 854 2851 reditus.
902 2810 1021 2865 (19.)
1109 2813 1260 2855 'I'ertia
1295 2813 1486 2855 Chosrois
1525 2813 1736 2867 expeditio
1769 2814 1815 2854 in
1846 2812 2077 2856 Romanos.

251 2865 363 2905 Eius
387 2865 570 2907 saevitia
592 2867 637 2908 in
666 2865 907 2909 Candidum
936 2869 1328 2924 Sergiopolitanum
1353 2870 1615 2912 Antistitem.
1677 2870 1859 2914 Frustra
1898 2871 2078 2927 Sergio-

250 2922 370 2978 polin
403 2927 556 2964 tentat.
614 2923 793 2979 Cogitat
826 2925 1144 2976 Palaestinam,
1187 2933 1236 2970 ut
1267 2927 1445 2982 diripiat
1476 2927 1783 2982 Hierosolyma.
1839 2929 2077 2971 Belisarius

253 2979 422 3021 veredis
449 2985 594 3021 vectus
623 2981 671 3022 in
694 2981 908 3023 Orientem
931 2983 1055 3027 redit.
1113 2986 1254 3027 Iustus
1273 2985 1501 3028 Iustiniani
1523 2998 1552 3026 a
1563 2986 1714 3038 fratre
1737 2999 1865 3040 nepos
1886 2999 1980 3028 eum
2008 2987 2077 3026 in·

252 3037 367 3078 vitat
398 3036 664 3087 Hierapolin.
721 3038 955 3081 Belisarius
993 3041 1129 3083 Duces
1164 3042 1391 3096 Hierapoli
1421 3048 1636 3084 morantes
1659 3042 1774 3085 elicit
1796 3043 1855 3085 ad
1875 3043 2077 3096 oppidum

254 3094 488 3147 Europum.
519 3094 637 3148 (20.)
725 3097 1005 3139 Abandanem
1048 3099 1250 3142 chosroes
1284 3100 1345 3142 ad
1379 3099 1642 3141 Belisarium
1674 3100 1809 3153 legat.
1871 3100 2079 3143 Belisarii

256 3151 398 3193 cautio
430 3156 472 3193 et
505 3157 757 3205 apparatus.
817 3155 995 3196 Adolius
1036 3156 1323 3199 silentiarius.
1384 3157 1601 3211 Legatum
1635 3156 1872 3199 Belisarius
1908 3158 2076 3211 excipit.

256 3208 519 3250 Abundanes
545 3210 730 3250 reditum
762 3212 914 3254 suadet
947 3212 1131 3257 Chosroi.
1190 3215 1333 3256 Huius
1352 3214 1606 3256 sollicitudo.
1666 3214 1929 3268 Euphratem
1951 3215 2077 3257 traii—

255 3265 326 3307 cit.
391 3267 495 3307 Cum
527 3265 740 3309 Belisario
771 3282 848 3321 per
880 3269 1162 3312 internuntios
1198 3273 1310 3327 agit.
1371 3271 1573 3326 Elogium
1595 3271 1812 3315 Belisarii.
1871 3273 2076 3315 Cleosroes

256 3323 510 3364 Callinicum
532 3325 660 3378 capit.
720 3325 914 3367 Armenii
934 3326 980 3367 in
991 3327 1128 3378 fidem
1153 3328 1278 3370 Rom.
1305 3329 1497 3370 redeunt.
1555 3328 1792 3370 Belisarius
1820 3328 2076 3383 Byzantium

255 3387 503 3430 revocatur,
543 3381 588 3422 in
621 3381 798 3423 Italiam
823 3385 1104 3437 profecturus.
1144 3386 1262 3439 (21.)
1351 3385 1604 3428 Pestilentia
1634 3387 1907 3440 gravissima.
1966 3387 2074 3428 Eius

254 3451 414 3490 causa,
457 3438 583 3480 Deus.
655 3439 763 3481 Orta
796 3440 841 3481 in
879 3443 1072 3495 Aegypto
1101 3442 1254 3496 ubique
1285 3449 1528 3497 grassatur.
1596 3443 1772 3496 Spectra
1811 3445 2074 3486 Daemonium

254 3495 402 3538 multis
432 3495 590 3539 oblata.
651 3497 716 3538 Ab
754 3497 839 3540 illis
871 3512 1089 3554 percussos
1115 3499 1245 3556 pestis
1269 3500 1534 3556 corripiebat.
1596 3501 1733 3554 Quam
1759 3502 1879 3545 varie
1905 3502 2073 3544 invase-
