2254 3814
346 134 468 196 384
1024 187 1027 189 ι
1089 136 1424 191 PROCOPII

342 286 440 353 ρᾶν
469 275 698 334 ἀδύνατα
732 275 811 348 ἦν.
899 277 1079 349 πέτραι
1119 277 1216 349 γὰρ
1251 275 1484 346 ὖψηλαὶ,
1545 273 1722 348 πόρρω
1761 281 1853 345 τῆς
1888 274 2166 345 θαλάσσης

340 364 633 435 διήκουσαι,
683 366 920 433 περίοδον
945 373 1055 427 τοῖς
1082 364 1290 416 πλέουσι
1317 367 1492 434 πολλῷ
1529 362 1701 433 με’τρῳ
1728 360 2018 432 ἐργάζονται
2026 403 2044 426 ,
2088 363 2173 413 καὶ

341 451 473 522 ἄκρα
501 450 690 517 ἀνέχει,
735 443 797 518 ἧς
823 449 964 511 ε’ντὸς
993 449 1053 502 τὸ
1079 454 1171 502 τοῦ
1190 447 1378 517 Ἑρμοῦ
1406 445 1630 515 πόλισμά
1658 447 1782 500 ἔστι.
1868 443 2171 516 Βελισάριος

339 531 429 589 οὗν
457 531 713 608 Ἀρχελάῳ
750 556 804 598 τε
839 539 912 608 τῷ
942 531 1157 606 ὖπάρχῳ
1191 533 1478 598 ἐπέστελλεν
1522 534 1574 594 ἐς
1618 527 1933 603 Καρχηδόνα
1972 532 2064 597 μὲν
2098 530 2172 599 μὴ

337 621 622 689 καταίρειν,
690 621 934 681 σταδίους
967 621 1023 672 δὲ
1057 619 1191 689 ἀμφὶ
1223 618 1346 680 τοὺς
1384 620 1674 680 διακοσίους
1708 617 1988 684 ἀπέχοντας
2031 614 2213 685 ἄχριςὸ

337 698 397 758 οὗ
442 704 599 766 αὐτὸς
638 705 825 776 καλέσῃ
864 703 1043 772 με’νειν.
1133 705 1188 757 ἐκ
1227 704 1284 756 δὲ
1320 707 1371 756 Γ
1368 701 1564 773 ράσσης
1595 699 1959 765 ἐξαναστάντες
1993 721 2177 769 τεταρ-

335 798 470 844 ταῖοι
511 791 562 851 ἐς
590 790 815 859 Δέκιμον
850 786 1148 862 ἀφικόμεθα
1156 829 1176 857 ,
1236 791 1467 852 σταδίοις
1500 785 1854 856 ἑβδομήκοντα
1895 783 2178 856 Καρχηδό-

335 897 423 938 νος
449 874 652 944 ἀπέχον.

161 965 198 1007 Ρ
229 965 314 1008 219
512 958 596 1029 ιη’.
678 959 763 1014 Ἔν
806 961 862 1013 δὲ
905 961 966 1030 δὴ
1009 966 1072 1034 τῇ
1099 958 1264 1035 ἦμὲρα
1298 955 1462 1030 ταύτῃ
1487 961 1535 1011 Γ
1531 957 1698 1028 ελίμερ
1726 957 1816 1012 τὸν
1842 955 2054 1024 ἀνεψιὸν
2085 958 2136 1007 Γ
2131 978 2178 1006 ι-

162 1051 208 1094 Η
238 1053 320 1097 113
346 1049 641 1114 βαμοῦνδον
682 1046 899 1099 ἐκέλευεν
931 1045 1040 1114 ἅμα
1077 1049 1346 1099 Βανδίλων
1383 1045 1642 1112 δισχιλίοις
1662 1041 1937 1114 φθάνοντα
1965 1041 2024 1095 τὸ
2052 1039 2175 1093 ἄλλο
2195 1058 2249 1100 10

342 1128 637 1203 στράτευμα
681 1131 811 1184 κατὰ
849 1131 907 1184 τὸ
946 1129 1203 1198 εὐώνυμον
1241 1132 1396 1200 με’ρος
1439 1131 1590 1194 ἴέναι,
1648 1126 1783 1190 ὅπως
1800 1124 2064 1194 Ἀμμάτας
2084 1127 2178 1192 μὲν

299 1249 303 1253 1
344 1218 399 1269 ἐκ
422 1212 786 1288 Καρχηδόνος,
835 1218 1047 1286 Γελίμερ
1090 1217 1145 1268 δὲ
1190 1215 1344 1277 αὐτὸς
1371 1213 1614 1278 ὄπισθεν,
1663 1211 2101 1281 Γιβαμοῖνδοςιδέ
2125 1211 2179 1263 ἕκ

343 1307 448 1356 τῶν
471 1303 559 1355 ἐπ’
595 1301 840 1373 ἀριστερὰ
859 1303 1065 1372 χωρίων
1088 1299 1138 1363 ἔς
1161 1300 1320 1354 ταύτὸ
1348 1296 1597 1363 ξυνιόντες
1620 1297 1748 1372 ῥᾷον
1771 1297 1835 1365 δὴ
1861 1299 1946 1350 καὶ
1974 1293 2181 1350 ἀπονώ-

342 1409 491 1457 τερον
522 1387 616 1455 τὴν
658 1384 905 1439 κύκλωσιν
942 1392 1044 1439 τῶν
1084 1387 1338 1454 πολεμίων
1380 1382 1707 1453 ποιήσωνται.
1799 1384 1911 1451 ἐμοὶ
1951 1383 2006 1435 δὲ
2030 1379 2094 1435 τά
2126 1402 2181 1434 τε

341 1478 465 1525 θεΐα
503 1474 587 1525 καὶ
619 1472 685 1524 τὰ
737 1469 1037 1543 ἀνθρώπεια
1076 1473 1129 1524 ἔν
1165 1477 1239 1545 τῷ
1274 1468 1414 1543 πόνῳ
1449 1467 1618 1542 τούτῳ
1655 1470 1850 1538 ἐπῆλθε
1885 1464 2177 1535 θαυμάσαι,
2197 1481 2249 1526 15

345 1555 537 1619 ὅπωςὸ
575 1557 668 1625 μὲν
708 1557 860 1624 θεὸς,
909 1555 1183 1629 πόρρωθεν
1222 1555 1357 1627 ὁρῶν
1380 1556 1444 1610 τὰ
1480 1553 1727 1620 ἐσόμενα,
1769 1551 2056 1624 ὑπογράφει
2080 1551 2179 1621 ὅπη

278 1661 317 1704 Β
347 1644 469 1696 ποτὲ
493 1641 634 1715 αὐτῷ
678 1642 742 1695 τὰ
788 1639 1065 1713 πράγματα
1098 1645 1240 1696 δοκεῖ
1259 1638 1648 1710 ἀποβήσεσθαι,
1698 1639 1745 1693 οἶ
1770 1639 1825 1692 δὲ
1848 1639 2116 1708 ἄνθρωποι
2146 1636 2178 1705 ἢ
2238 1636 2242 1637 ⁷

341 1725 689 1800 σφαλλόμενοι
730 1726 760 1795 ἢ
791 1728 857 1780 τὰ
901 1729 1082 1782 δέοντα
1118 1724 1478 1795 βουλευόμενοι
1519 1726 1611 1780 οὐκ
1636 1725 1805 1779 ἴσασιν
1831 1722 1907 1778 ὅτι
1939 1720 2182 1777 ἴπταισάν

339 1837 417 1880 τι,
466 1812 529 1866 ἂν
555 1812 691 1867 οὕτω
718 1810 862 1881 τύχοι
879 1854 896 1878 ,
942 1813 974 1880 3)
1003 1814 1181 1883 ὀρθῶς
1206 1812 1447 1883 ἔδρασαν,
1490 1813 1575 1864 ’ίνα
1602 1811 1805 1881 γένηται
1827 1814 1893 1882 τῇ
1918 1807 2045 1881 τύχῃ
2071 1810 2183 1879 τρί-

339 1905 463 1967 βος,
513 1899 744 1970 φέρουσα
779 1897 982 1961 πάντως
1019 1900 1098 1951 ἐπὶ
1132 1899 1198 1951 τὰ
1235 1896 1483 1970 πρότερον
1521 1895 1815 1966 δεδογμένα.
1903 1894 1944 1948 εἷ
1982 1895 2056 1963 μὴ
2083 1894 2252 1964 γὰρὲο

341 1980 645 2055 Βελισάριος
688 1982 821 2037 οὕτω
858 1981 1147 2057 διῳκήσατο
1173 1983 1265 2053 τὴν
1303 1981 1617 2055 παράταξιν,
1663 1981 1784 2043 τοὺς
1814 1981 1906 2048 μὲν
1934 1979 2067 2051 ἀμφὶ
2092 1979 2182 2033 τὸν

340 2067 583 2140 Ἰωάννην
613 2074 924 2141 προτερῆσαι
951 2066 1205 2135 κελεύσας,
1248 2069 1372 2132 τοὺς
1401 2070 1457 2122 δὲ
1481 2066 1834 2137 Μασσαγέτας
1859 2067 1911 2120 ἐν
1940 2065 2181 2141 ἀριστερᾷ

459 2220 503 2263 5.
534 2214 852 2275 ,,οἰπε’χοντας]
882 2220 1039 2263 Melius
1069 2218 1364 2276 dns'zovwss
1394 2219 1546 2263 Mum.
1666 2218 1733 2261 11.
1759 2214 2016 2274 Ἆμμᾶτας]
2056 2215 2182 2269 duci-

459 2293 544 2327 τας
584 2277 638 2320 L.
798 2279 866 2324 13.
898 2274 974 2322 ἐπ’
1017 2293 1096 2321 om.
1142 2279 1237 2321 HL.
1396 2278 1488 2321 ibid
1539 2271 1785 2333 ἅριστερά]
1826 2273 2045 2332 οἷριστερᾶ
2087 2275 2182 2319 HL.

460 2335 566 2377 ibid.
598 2331 924 2392 ἀπονώτερον]
965 2331 1279 2392 ἆπονοότερον
1307 2336 1360 2382 Α.
1507 2332 1577 2378 14.
1614 2332 1899 2391 ποιήσωνται
1938 2336 1990 2378 L.
2047 2330 2184 2388 ποιή-

463 2406 626 2436 σονται
655 2393 705 2435 Ρ.
824 2396 892 2439 16.
920 2389 1214 2450 ὑπογράφει]
1248 2393 1388 2450 Vulgo
1415 2387 1683 2451 ὑπογράφῃ.
1798 2394 1870 2438 20.
1901 2391 2182 2448 δεδογμένα]

463 2447 691 2505 δεδομένα
718 2451 816 2494 Hm.
930 2453 1003 2496 21.
1033 2450 1189 2508 οὕτω]
1223 2448 1372 2504 οὕτως
1397 2450 1449 2494 L.

347 2579 446 2629 rat,
484 2581 718 2634 propterea
749 2578 863 2636 quod
893 2579 968 2622 alti
995 2580 1164 2637 scopuli
1191 2579 1320 2635 longe
1347 2577 1391 2621 in
1430 2592 1546 2622 mare
1583 2580 1884 2632 procurrentes
1912 2578 2041 2633 longo
2070 2577 2185 2620 flexu

346 2640 499 2677 nautas
548 2641 778 2689 avertunt,
819 2651 870 2679 ac
908 2638 1122 2693 prominet
1161 2637 1518 2694 promontorium,
1563 2635 1674 2679 citra
1716 2635 1829 2692 quod
1879 2641 1946 2677 est
1985 2634 2184 2691 oppidum

346 2691 567 2734 Mercurii.
627 2693 774 2744 Quare
819 2694 1054 2737 Belisarius
1100 2695 1312 2737 Archelao
1352 2693 1568 2736 exercitus
1609 2691 1843 2745 Quaestori
1885 2692 2089 2748 iniungit,
2131 2705 2185 2734 ne

347 2748 650 2803 Carthaginem
682 2751 895 2807 appellat,
925 2752 1004 2794 sed
1034 2752 1148 2794 absit
1179 2766 1246 2796 cc.
1271 2750 1446 2794 circiter
1475 2749 1629 2803 stadia,
1660 2765 1739 2794 nec
1769 2749 1850 2792 nisi
1878 2763 1954 2792 suo
1985 2747 2184 2792 mandato

343 2811 530 2848 moveat.
590 2807 754 2850 Grasse
785 2809 999 2864 profecti,
1038 2809 1110 2852 die
1153 2812 1308 2866 quarto
1347 2807 1614 2866 pervenimus
1641 2807 1888 2860 Decimum,
1928 2805 2044 2863 quod
2075 2805 2186 2848 Car-
2252 2823 2254 2826 ⁴

344 2862 524 2919 thagine
549 2863 702 2905 stadiis
731 2878 830 2906 Lxx.
862 2866 1010 2909 distat.

463 2921 534 2963 18.
592 2920 662 2963 Eo
691 2921 761 2963 die
802 2923 994 2965 Gelimer
1032 2922 1376 2975 Gibamundum,
1416 2935 1538 2966 suum
1579 2935 1636 2966 ex
1663 2922 1804 2966 fratre
1836 2923 2058 2977 nepotem,
2089 2933 2184 2963 cum

344 2974 413 3019 bis
441 2975 554 3018 mille
584 2977 788 3021 Vandalis
830 2979 1018 3034 reliquas
1049 2980 1196 3037 copias
1238 2980 1633 3036 praegredientem,
1673 2980 1730 3022 ad
1759 2979 1921 3021 laevam
1950 2977 2014 3019 ire
2043 2976 2183 3029 iussit,

343 3038 397 3076 ut
426 3034 640 3076 Ammatas
672 3049 698 3076 a
728 3036 1020 3091 Carthagine,
1050 3037 1243 3080 Gelimer
1270 3037 1366 3094 ipse
1394 3051 1421 3079 a
1449 3044 1599 3092 tergo,
1630 3034 1928 3079 Gibamundus
1955 3048 1981 3076 a
2009 3033 2186 3078 sinistra

343 3090 391 3133 in
420 3104 548 3132 unum
578 3091 893 3144 convenientes,
924 3094 1084 3135 hostem
1114 3094 1282 3136 facilius
1311 3093 1703 3136 circumcluderent.
1762 3091 1872 3134 Mihi
1897 3106 2002 3134 vero
2030 3091 2075 3133 in
2103 3092 2185 3134 hoc
2237 3093 2246 3105 ”

347 3161 581 3202 congressu
611 3147 753 3190 divina
795 3154 838 3191 et
877 3150 1060 3192 humana
1087 3151 1268 3194 consilia
1296 3150 1439 3192 mirari
1466 3149 1701 3192 succurrit:
1745 3148 1936 3192 nimirum
1967 3147 2031 3191 uti
2066 3147 2185 3191 Deus

346 3205 492 3247 futura
519 3204 645 3260 longe
675 3205 960 3261 praevidens,
999 3220 1124 3262 quem
1162 3207 1318 3263 cuique
1357 3207 1421 3249 rei
1460 3207 1567 3249 dare
1595 3206 1690 3262 ipse
1729 3206 1887 3248 exitum
1917 3205 2034 3257 vult,
2065 3211 2184 3248 certo

292 3308 301 3314 ,
347 3261 570 3317 designat:
601 3261 699 3304 dum
728 3262 939 3314 homines,
969 3263 1203 3318 quamlibet
1231 3263 1370 3314 viam,
1398 3268 1490 3306 tum
1518 3263 1684 3315 falsam,
1713 3268 1799 3306 tum
1829 3277 1972 3306 veram
2000 3261 2184 3305 ineundo

349 3317 623 3371 caecutiunt,
652 3317 794 3374 ignari
822 3325 995 3362 rectene
1025 3319 1234 3371 fecerint,
1265 3334 1319 3362 an
1347 3321 1460 3363 forte
1488 3333 1632 3362 secus=
1673 3324 1719 3363 ut
1748 3319 1919 3363 divinae
1949 3320 2203 3376 providen-'

347 3375 438 3418 tiae
467 3375 522 3418 ad
552 3390 619 3428 ea,
650 3390 760 3433 quae
788 3379 889 3419 ante
918 3377 1154 3428 constituit,
1184 3377 1432 3434 peragenda
1461 3382 1678 3420 sternatur
1706 3377 1802 3421 iter.
1862 3377 2066 3421 Profecto
2100 3375 2183 3419 nisi

343 3431 583 3477 -Belisarius
609 3432 674 3478 ita
701 3432 837 3478 aciem
863 3433 1168 3488 instruxisset,
1201 3440 1251 3478 ut
1276 3434 1475 3478 loannem
1504 3434 1794 3492 praecedere,
1836 3439 1882 3478 et
1910 3434 2182 3490 Massagetas
