2254 3814
319 182 440 240 214
1055 179 1195 233 PRO
1203 178 1385 232 COPII

321 324 574 394 αι’φνιδιόυ
601 323 828 389 ἐμπεσεῖν
854 320 904 382 ἐς
926 318 1019 388 τὴν
1039 315 1300 387 Ῥωμαίων
1323 311 1608 386 κατώρυχα.
1695 316 1779 368 καὶ
1815 313 1981 369 αὐτῶν
2009 315 2131 377 τοὺς

319 411 411 476 μὲν
451 405 684 476 πρώτους
716 404 953 472 Ῥωμαῖοι
994 402 1242 468 ἔκτειναν,
1303 402 1351 455 οἱ
1384 403 1438 455 δὲ
1471 400 1681 455 ὄπισθεν
1720 397 1960 471 φυγόντες
2001 401 2131 453 κατὰ

319 489 475 560 τάχος
514 493 565 551 ἐς
603 490 659 542 τὸ
703 486 1046 558 στρατόπεδον
1083 484 1423 556 διεσώθησαν.
1512 483 1704 539 διώκειν
1733 485 1830 555 γὰρ
1866 484 2052 546 αὐτοὺς
2079 485 2130 536 ἐν

321 575 484 647 σκότῳ
503 573 736 640 Ῥωμαῖοι
761 573 962 640 οὐδαμῆ
989 571 1225 642 ἔγνωσαν.
1292 568 1482 639 ταύτης
1509 565 1599 623 οὖν
1622 571 1911 639 τῆς.πείρας
1933 567 1959 621 ὅ
1983 573 2132 622 Χοσ-

321 659 440 731 ρόης
480 657 746 725 ἀποτυχών
787 655 910 710 ἑλεῖν
938 678 991 710 τε
1017 657 1109 723 τὴν
1138 654 1284 710 πόλιν
1307 659 1509 725 μηχανῇ
1536 655 1593 708 τὸ
1615 654 1790 708 λοιπὸν
1817 654 2024 727 οὐδεμιᾷ
2050 654 2127 705 ἐλ-
2145 664 2173 707 5

320 746 474 803 πίσας
507 750 614 803 τοῖς
658 742 1096 811 πολιορκουμένοις
1120 742 1169 803 ἐς
1195 738 1374 807 λόγους
1396 735 1555 807 ἦλθε,
1594 736 1729 807 χίλιά
1758 760 1811 791 τε
1839 737 2134 805 κεκομισμέ-
2191 742 2196 744 ’

318 849 404 889 νος
430 823 650 896 ἀργύρου
676 826 890 894 σταθμὰ
914 828 965 887 ἐς
988 825 1052 878 τὰ
1078 829 1295 896 Περσῶν
1318 825 1427 893 ἤθη
1457 820 1644 894 ἐχώρει.
1721 828 1886 875 ταῦτα
1909 824 2009 875 ἐπεὶ
2033 827 2134 889 βα-

320 911 484 973 σιλεὺς
515 911 865 973 ’Ῑουστινιανός
904 910 1122 978 ἴμαθεν,
1171 909 1331 963 οῧκέτι
1358 909 1423 961 τοὶ
1453 909 1738 977 ξυγκείμενα
1764 908 1962 975 ἐπιτελῆ
1987 903 2135 975 ποιή-

319 1018 423 1050 σειν
457 995 669 1064 mem,
717 997 964 1049 ἐπικαλῶν
994 992 1211 1065 Χοσρόῃ
1246 992 1321 1047 ὅτι
1350 994 1411 1061 δὴ
1434 991 1580 1046 πόλιν
1605 990 1790 1062 Λάρας
1814 993 1866 1044 ἐν
1890 994 2135 1053 σπονδαῖς

319 1083 495 1144 ἐξελεῖν
519 1081 806 1150 ἐνεχείρησε.
871 1085 1035 1133 ταῦτα
1057 1080 1148 1147 μὲν
1172 1081 1224 1132 ἐν
1249 1084 1311 1149 τῇ
1338 1075 1514 1148 πρώτῃ
1535 1075 1779 1150 Χοσρόου
1807 1077 1994 1147 ἐσβολῇ
2010 1074 2131 1130 Ῥω·
2148 1084 2204 1127 10

321 1167 491 1233 μαίοις
514 1165 694 1232 ξυνέβη
707 1206 722 1230 ,
768 1167 849 1217 καὶ
873 1164 930 1217 τὸ
950 1164 1106 1233 θέρος
1127 1165 1218 1231 μὲν
1241 1161 1488 1216 ἐτελεύτα.

141 1230 179 1326 ξι)
208 1229 296 1330 {g}
493 1247 575 1303 ιδ’.
643 1247 703 1302 Ὅ
726 1250 780 1302 δὲ
801 1246 1046 1318 Χοσρόης
1066 1245 1210 1300 πόλιν
1233 1247 1284 1299 ἐν
1298 1246 1583 1315 Ἀσσυρίοις
1606 1241 1902 1311 δειμάμενος
1923 1245 1974 1298 ἐν
1991 1242 2137 1318 χώρᾳ

91 1354 106 1373 ·
320 1335 691 1403 Κτησιφῶντος
726 1331 919 1394 πόλεως
954 1332 1166 1400 διέχοντι
1201 1329 1395 1401 ἡμέρας
1431 1328 1562 1402 ὁδῷ,
1599 1326 1900 1397 Ἀντιόχειαν
1949 1351 2003 1383 τε
2045 1329 2138 1398 τὴν

319 1415 563 1487 Χοσρόου
598 1417 757 1485 αὐτὴν
797 1413 1088 1485 ἐπωνόμασε
1124 1418 1206 1468 καὶ
1226 1415 1516 1483 Ἀντιοχέων
1538 1413 1658 1476 τοὺς
1683 1410 2034 1482 αι’χμαλώτους
2057 1415 2138 1466 ἐν-

319 1508 494 1555 ταῦθα
524 1499 792 1574 ξυνῴκισεν
825 1500 1052 1563 ἅπαντας
1065 1541 1082 1567 ,
1123 1498 1198 1563 οἷς
1223 1501 1285 1568 δὴ
1315 1496 1585 1568 βαλανεῖόν
1610 1519 1663 1551 τε
1690 1501 1773 1551 καὶ
1800 1497 2133 1569 ἱπποδρόμιον
2152 1508 2205 1552 15

319 1583 644 1650 κατεσκεύαζε
683 1588 766 1639 καὶ
804 1595 916 1648 ταῖς
960 1586 1138 1648 ἄλλαις
1175 1594 1396 1656 τρυφαῖς
1429 1584 1661 1637 ἀνεῖσθαι
1687 1585 1854 1637 ἐποίει.
1939 1580 2061 1645 τούς
2086 1605 2139 1637 τε
2244 1577 2249 1585 ’

317 1671 411 1741 γὰρ
441 1669 674 1738 ἡνιόχους
699 1673 780 1723 καὶ
809 1671 927 1732 τούς
954 1677 1056 1724 τῶν
1081 1676 1336 1739 μουσικῶν
1361 1669 1517 1740 ἔργων
1543 1670 1770 1737 τεχνίτας
1795 1668 1848 1722 ἐκ
1872 1688 1924 1722 τε
1949 1669 2142 1723 Ἀντιο-

314 1759 456 1824 χείας
480 1757 562 1807 καὶ
589 1761 690 1808 τῶν
716 1755 882 1809 ἄλλων
901 1753 1193 1823 Ῥωμαϊκῶν
1215 1753 1409 1808 πόλεων
1435 1754 1523 1818 ξύν
1547 1751 1686 1825 αύτῷ
1711 1749 1839 1822 ἦγεν.
1923 1753 1995 1806 ἔτι
2017 1753 2139 1821 μέν-

320 1862 397 1894 τοι
437 1842 518 1892 καὶ
554 1843 774 1913 δημοσίᾳ
811 1841 932 1902 τοὺς
961 1840 1243 1909 Ἀντιοχέας
1279 1837 1494 1901 τούτους
1535 1838 1919 1908 ἐπιμελεστέρως
1946 1837 1977 1905 ἢ
2008 1838 2138 1891 κατὰ

258 1938 295 1980 Β
327 1922 680 1991 αι’χμαλώτους
716 1926 916 1989 ἐσίτιζεν
951 1926 1000 1986 ἐς
1038 1923 1206 1978 πάντα
1239 1924 1329 1978 τὸν
1351 1920 1564 1993 χρόνον,
1610 1924 1692 1975 καὶ
1720 1923 2014 1990 βασιλικοὺς
2043 1945 2136 1975 κα-
2150 1930 2207 1977 20
2242 1918 2254 1946 “’

321 2015 520 2061 λεΐσθαι
547 2009 705 2075 ἠξίου,
754 2008 882 2063 ὥστε
905 2012 1007 2062 τῶν
1029 2006 1287 2079 ἀρχόντων
1313 2008 1478 2062 ούὸἐνὶ
1501 2005 1815 2076 ὖποχειρίους
1837 2005 1959 2060 εἶναι
1982 2006 2012 2076 ἢ
2036 2014 2139 2075 βα-

323 2099 454 2145 σιλεῖ
488 2091 647 2165 μόνῳ.
733 2097 777 2146 εἴ
808 2094 866 2146 δέ
900 2116 975 2156 τις
1000 2097 1083 2146 καὶ
1110 2099 1213 2147 τῶν
1238 2093 1406 2147 ἄλλων
1429 2091 1689 2159 Ῥωμαίων
1715 2093 1969 2163 δραπέτης
1997 2113 2139 2162 γεγο-

321 2178 421 2240 νιὺς
447 2179 496 2239 ἐς
517 2175 821 2246 Ἀντιόχειαν
845 2178 936 2246 τὴν
963 2176 1208 2249 Χοσρόου
1232 2182 1491 2248 διαφυγεῖν
1515 2178 1687 2246 ἴσχυσε
1701 2218 1718 2243 ,
1762 2180 1850 2230 καί
1875 2199 1950 2240 τις
1982 2178 2140 2230 αὐτὸν

437 2313 504 2355 12.
534 2308 659 2367 χώρᾳ
687 2312 782 2355 HL.
839 2311 970 2368 χώρῳ
1001 2314 1050 2355 Ρ.
1212 2315 1282 2359 18.
1313 2309 1467 2374 αὐτῷ]
1499 2308 1628 2371 αύτῷ
1655 2312 1710 2357 L.
1862 2313 1934 2358 23.
1963 2307 2136 2366 αὐτὸν]

434 2366 588 2412 αὐτῶν
614 2369 708 2411 HL.
767 2369 826 2413 ἴσ.
856 2369 1000 2414 αὐτὸν
1028 2369 1125 2414 Hm.

322 2497 412 2525 rum
453 2483 617 2525 foveam
645 2482 874 2538 improviso
915 2481 1165 2525 deciderint.
1241 2482 1370 2525 Caesi
1411 2481 1554 2526 statim
1585 2495 1612 2525 a
1637 2481 1836 2524 Romanis
1863 2479 2012 2538 primi:
2063 2482 2138 2539 qui

323 2541 630 2595 sequebantur,
674 2553 799 2595 quam
839 2539 1058 2582 celerrime
1100 2539 1154 2582 ad
1192 2546 1336 2582 castra
1363 2543 1592 2583 evaserunt
1630 2539 1884 2591 incolumes;
1934 2553 2026 2582 cum
2065 2553 2138 2582 eos

323 2596 502 2638 Romani
544 2597 588 2637 in
627 2596 815 2638 tenebris
855 2597 1056 2652 persequi
1101 2596 1348 2639 noluissent.
1436 2598 1540 2639 Post
1578 2603 1769 2638 conatum
1811 2597 1919 2639 hunc
1958 2595 2138 2649 irritum,

324 2666 439 2708 spem
469 2666 627 2694 omnem
657 2654 868 2695 Chosroes
900 2652 1134 2708 capiendae
1161 2652 1279 2695 urbis
1309 2653 1486 2696 abiecit=
1538 2652 1635 2696 hinc
1672 2653 1816 2696 habito
1855 2667 1949 2695 cum
1987 2654 2138 2695 obses-

324 2709 382 2751 sis
413 2709 636 2764 colloqui0‚
665 2714 710 2750 et
737 2710 924 2763 acceptis
947 2709 1058 2751 mille
1087 2710 1254 2764 argenti
1284 2709 1417 2761 libris,
1446 2710 1491 2752 in
1522 2709 1736 2752 Persidem
1762 2709 2019 2766 remigravit.
2053 2710 2138 2752 Fa-

325 2770 419 2806 ctus
463 2765 516 2806 de
547 2764 613 2806 his
652 2766 811 2807 certior
840 2765 1098 2809 Iustinianus
1126 2767 1238 2822 Aug.
1268 2774 1393 2824 pacta
1433 2775 1644 2810 conventa
1671 2767 1804 2808 noluit
1845 2765 1888 2808 in
1916 2782 2005 2810 rem
2036 2781 2138 2810 con-

325 2822 465 2872 ferre,
507 2821 704 2863 incusans
735 2836 786 2863 co
815 2822 980 2864 nomine
1011 2823 1268 2876 chosroem,
1312 2823 1428 2880 quod
1460 2829 1556 2880 post
1584 2825 1857 2879 compositam
1887 2837 2030 2879 pacem
2061 2838 2138 2865 ex-

325 2892 520 2933 pugnare
570 2879 724 2920 Daram
764 2883 986 2922 tentasset.
1073 2879 1140 2922 Ea
1181 2879 1344 2923 demum
1397 2879 1596 2923 Romanis
1635 2881 1884 2924 acciderunt
1922 2881 1967 2922 in
2005 2880 2138 2937 prima

326 2934 529 2977 Chosrois
557 2933 814 2989 irruptione:
845 2941 934 2976 tum
965 2941 1108 2979 aestas
1138 2937 1254 2979 exiit.

442 2990 508 3034 14.
569 2991 782 3033 chosroes
825 2999 965 3033 autem
993 2991 1038 3033 in
1067 2993 1250 3048 quodam
1284 2993 1486 3048 Assyriae
1512 2992 1628 3045 loco,
1675 2991 1748 3048 qui
1776 2993 1830 3034 ab
1859 2993 1964 3035 urbe
1997 2992 2141 3034 Ctesi-

325 3047 482 3104 phonte
513 3046 597 3088 diei
625 3047 709 3088 iter
737 3047 858 3089 unius
889 3049 1035 3097 abest,
1081 3050 1226 3091 urbem
1256 3049 1470 3102 condidit,
1522 3063 1574 3091 ac
1603 3049 1657 3091 de
1685 3049 1850 3090 nomine
1877 3062 1952 3090 suo
1982 3049 2140 3092 dictam

325 3103 746 3146 Chosroantiochiam
776 3105 975 3146 universa
998 3105 1338 3148 Antiochensium
1366 3105 1631 3161 captivorum
1655 3104 1919 3148 multitudine
1939 3108 2140 3162 frequen-

325 3160 450 3202 tavit.
511 3159 675 3209 Quibus
717 3166 761 3202 et
787 3161 977 3204 balneum
1019 3167 1063 3203 ct
1095 3161 1265 3204 Circum
1295 3161 1508 3213 extruxit,
1555 3166 1832 3217 caeterasque
1860 3161 2036 3206 delicias
2064 3164 2142 3206 be-

325 3215 570 3270 nignissime
607 3216 810 3272 providit.
881 3219 992 3260 Nam
1035 3217 1211 3273 aurigas
1255 3223 1299 3261 et
1332 3218 1512 3261 musicos
1541 3231 1633 3260 cum
1663 3217 1911 3270 Antiochia,
1968 3225 2054 3262 tum
2086 3233 2139 3261 ex

327 3273 420 3315 aliis
446 3273 662 3315 Romanae
691 3272 861 3315 ditionis
890 3273 1137 3316 civitatibus
1164 3287 1303 3317 secum
1331 3275 1526 3316 duxerat.
1587 3273 1705 3324 Quin
1733 3275 1858 3317 etiam
1887 3277 1941 3318 de
1970 3275 2139 3332 publico

327 3330 608 3372 Antiochenos
646 3329 752 3371 istos
782 3330 1007 3386 prolixius,
1049 3344 1171 3385 quam
1210 3331 1475 3387 captivorum
1504 3329 1690 3373 conditio
1718 3338 1936 3386 posceret,
1974 3346 2140 3388 semper

327 3387 459 3437 aluit,
499 3401 550 3428 ac
578 3386 738 3441 Regios
765 3387 901 3430 voluit
929 3386 1162 3443 appellari,
1213 3387 1275 3429 ita
1303 3394 1352 3429 ut
1390 3392 1608 3442 potestate
1638 3388 1912 3444 satraparum
1941 3389 2146 3444 exempti,

327 3444 401 3484 uni
443 3443 552 3500 Regi
592 3447 804 3499 parerent.
873 3443 941 3485 Ex
981 3443 1076 3486 aliis
1113 3457 1218 3487 vcro
1261 3443 1398 3487 servis
1436 3443 1635 3487 Romanis
1671 3443 1804 3501 siquis
1832 3446 2139 3489 chosroantio-
