2184 3822
690 190 787 244 DE
828 188 1057 244 BELLO
1099 185 1411 243 PERSICO.
1849 179 1962 238 141

309 331 363 391 ε’.
436 331 567 389 Εἶτα
592 330 724 401 μετὰ
745 326 1023 399 Περὸζηνὸ
1049 325 1302 392 νεώτατος
1326 326 1438 390 υἱὸς
1460 320 1718 395 Καβοῖδης
1745 321 1814 387 ὥς
1846 325 1971 392 ἐβα-

68 486 80 490 -
138 425 398 488 σίλευσεν,
471 418 608 480 ὅπως
642 438 697 471 τε
731 421 1047 487 παρανομῶν
1079 418 1150 478 εἷς
1184 415 1245 470 τὸ
1276 419 1372 484 τῆς
1408 410 1578 483 λήθης
1610 408 1859 485 φρούριον
1879 409 1970 464 ὑπ’

142 509 315 564 αὖτῶν
338 509 557 574 Περσῶν
579 500 804 569 ε’νετέθη.
1800 546 1808 555 ·

309 589 369 656 ς’.
401 589 575 650 Ὅπως
602 608 655 640 τε
684 583 866 639 λαθὼν
902 583 988 637 διὰ
1016 589 1109 653 τῆς
1143 583 1380 655 γυναικός
1418 585 1486 646 εἲς
1516 583 1639 646 τοὺς
1659 581 1978 654 Ἔφθαλίτας

101 678 339 748 5ἆπέδρα
352 717 371 742 ,
418 676 502 728 καὶ
537 671 684 735 ὅπως
700 672 858 724 ἐκεῖσε
885 667 1154 738 κηδεύσας,
1196 674 1401 742 στρατῷ
1423 667 1627 743 μεγάλῳ
1648 669 1980 741 Ἔφθαλιτῶν

142 765 222 817 ἐπὶ
245 762 458 831 ΙΙέρσας
480 755 685 823 ἐλάσας,
726 756 952 825 ἀμαχητὶ
982 755 1075 823 τὴν
1107 754 1267 823 ἀρχὴν
1292 752 1631 823 ἀνεκτήσατο,
1678 757 1760 807 καὶ
1784 751 1984 807 Βλάσιν

141 849 233 903 τὸν
266 843 499 917 Περόζου
535 842 761 915 ἀδελφὸν
796 839 918 893 ἀντ’
964 839 1124 893 αὐτοῦ
1163 836 1545 907 βασιλεύσαντα
1583 839 1773 911 ἴρημον
1806 839 1982 908 λαβών

141 939 247 988 τῶν
271 929 600 1000 ἀμυνομένων
631 924 974 998 igni-(pleone,
1023 925 1129 991 ζέον
1154 923 1323 978 ἔλαιον
1349 933 1456 986 τοῖς
1485 924 1782 996 ὀφθαλμοῖς
1822 925 1979 998 ἣνεῳ-
2009 936 2048 979 Β

142 1018 341 1090 γμένοις
381 1014 641 1086 ἓπεγχέας·
699 1010 874 1085 τρόπῳ
916 1010 1014 1082 γὰρ
1053 1012 1184 1083 τῷδε
1216 1010 1420 1080 Πέρσαι
1453 1016 1750 1081 τυφλοῦσιν.
1837 1007 1903 1063 τά
1933 1032 1986 1064 τε

74 1118 132 1163 10
146 1106 257 1175 περὶ
293 1102 595 1172 Πακουριόυ
632 1104 725 1153 τοῦ
759 1102 981 1168 Περσῶν
1017 1095 1268 1165 βασιλέως
1305 1097 1387 1148 καὶ
1406 1093 1659 1167 Ἀρσάκου
1689 1095 1983 1166 Ἀρμενίων,

142 1195 235 1260 τῆς
260 1210 313 1243 τε
337 1194 440 1243 τῶν
471 1188 725 1240 ἔπαοιδῶν
760 1180 1031 1253 ὖποθήκης
1067 1181 1199 1236 κατὰ
1218 1177 1470 1252 Ἀρσάκου
1499 1187 1572 1257 τῷ
1596 1182 1878 1256 Πακουρίῳ
1906 1203 1987 1251 γε-

142 1274 413 1349 γενημένης
427 1315 445 1340 ,
491 1274 535 1325 εἶ
554 1270 626 1341 μὴ
656 1275 831 1340 μῦθος
855 1274 1049 1335 ταῦτα,
1088 1268 1351 1322 συνέθετο.

318 1357 375 1427 ζ’.
438 1357 554 1412 ’Ότι
589 1353 846 1424 Καβάδης
870 1352 1271 1426 ὅπροειρημένος
1297 1351 1474 1424 ὀφλὼν
1493 1351 1835 1424 Ἐφθαλίταις
1854 1348 1988 1424 χρή-

143 1468 286 1515 ματα
301 1441 635 1500 Ἀναστᾶσιον
657 1441 873 1509 βασιλέα
898 1437 1065 1512 ᾐτεῖτό
1097 1440 1146 1493 οἶ
1170 1442 1429 1505 δανεῖσαι,
1475 1444 1570 1492 τοῦ
1606 1440 1662 1492 δὲ
1688 1439 1759 1508 μὴ
1787 1437 1986 1506 δόντος,

76 1539 133 1584 15
148 1533 268 1587 ἄνευ
313 1531 474 1600 ἄλλης
515 1530 684 1591 αἰτίας
722 1524 923 1598 ἀθρόον
958 1525 1124 1580 πολλὰ
1163 1530 1257 1595 τῆς
1285 1525 1550 1597 Ἀρμενίας
1583 1525 1874 1595 κατέδραμε
1905 1526 1991 1578 καὶ

140 1619 354 1686 Ἀμίδαν
389 1612 698 1686 ἔπολιόρκει,
753 1610 1019 1683 ἀπορήσας
1050 1611 1107 1665 δὲ
1139 1609 1393 1680 ἀνεχώρει.
1484 1610 1834 1679 ἀναχωροῦντι
1871 1607 1984 1679 δὲῆ

146 1709 250 1758 τῶν
275 1701 541 1774 ἑταιρίδων
566 1703 815 1771 γυναικῶν
836 1694 1355 1769 αἰσχροπραγμοσύνη
1381 1696 1518 1749 αἰτία
1543 1701 1634 1766 τῆς
1651 1694 1987 1769 ὑποστροφῆς
2015 1703 2054 1747 C

148 1789 367 1857 κατέστη
386 1828 403 1854 ,
447 1788 531 1840 καὶ
561 1781 903 1855 πολιορκήσας
929 1789 1087 1857 θυμῷ
1114 1784 1197 1836 καὶ
1225 1778 1629 1854 ὀργῇΚαβάδης
1646 1779 1739 1852 τήν
1765 1804 1819 1836 τε
1845 1781 1993 1837 πόλιν
2020 1790 2065 1835 V
2092 1791 2180 1837 278

149 1874 283 1930 κατὰ
317 1869 505 1944 κράτος
542 1869 655 1939 ἴσχε
691 1872 776 1923 καὶ
810 1868 933 1931 τούς
975 1869 1026 1922 ἓν
1065 1867 1198 1940 αὐτῇ
1228 1867 1664 1940 ἠνδραποδίσατο.
1705 1865 1919 1940 ὕστερον
1941 1869 1998 1923 δὲ

78 1959 373 2023 2οπολλοὺς
409 1963 513 2015 τῶν
552 1952 891 2025 αι’χμαλώτων
928 1954 1092 2026 ἀφῆκε
1135 1962 1321 2027 προῖκα
1334 1994 1352 2023 ,
1417 1951 1509 2016 οὓς
1545 1955 1630 2007 καὶ
1663 1951 1998 2018 Ἀναστάσιος

151 2049 206 2111 ἐς
231 2045 296 2101 τὰ
318 2042 544 2116 μάλιστα
565 2037 1024 2115 ἐφιλοφρονήσατο.

266 2227 313 2271 2.
340 2238 390 2270 τε
417 2223 540 2269 Bas.
570 2219 622 2268 δὲ
650 2223 703 2269 Ρ.
813 2224 856 2269 6.
887 2217 1051 2281 βλᾶσιν
1079 2219 1203 2264 Bess.
1235 2218 1420 2280 Βλᾶσην
1450 2223 1502 2267 Ρ.
1618 2223 1665 2267 8.
1693 2217 2002 2281 ἧνεῳγμένοις

269 2283 394 2327 Bess.
422 2279 727 2342 ἀνεῳγμένοις
753 2279 806 2324 Ρ.
935 2282 1003 2325 13.
1035 2275 1230 2336 ὀφλών]
1259 2279 1420 2340 ὄφλων
1449 2281 1503 2324 Ρ.

268 2426 312 2471 5.
371 2423 540 2469 Dehine
580 2426 681 2483 post
708 2423 903 2467 Perozen
936 2422 1161 2479 cabades,
1190 2423 1386 2469 minimus
1416 2426 1521 2468 natu
1554 2422 1683 2476 filius,
1713 2435 1890 2478 regnum
1921 2435 1997 2465 ex-

158 2482 292 2541 cepit.
349 2482 392 2526 Is
430 2482 686 2527 violatarum
729 2481 869 2537 legum
910 2494 1010 2524 reus
1039 2483 1204 2537 factus,
1247 2483 1293 2526 iu
1324 2482 1590 2535 custodiam,
1631 2480 1703 2524 cui
1734 2481 1892 2524 Lethes
1919 2493 1999 2523 no-

158 2556 278 2594 men,
306 2542 363 2584 ab
393 2539 499 2598 ipsis
529 2540 676 2583 Persis
706 2538 857 2582 missus
889 2543 970 2581 est.

271 2602 312 2645 6.
342 2598 500 2642 Uxoris
539 2598 709 2641 tandem
749 2596 899 2639 fraude
942 2594 1164 2653 dilapsus,
1208 2596 1264 2641 ad
1304 2596 1585 2655 Ephthalitas
1615 2595 1836 2652 confugit:
1885 2609 1998 2652 quo-

159 2670 251 2700 rum
280 2670 374 2700 cum
406 2655 623 2712 ingentem
653 2654 902 2710 collegisset
931 2653 1195 2707 exercitum,
1233 2670 1356 2712 quem
1386 2656 1429 2699 in
1462 2655 1620 2700 Persas
1650 2655 1795 2704 duxit,
1825 2667 2002 2709 reguum

158 2715 255 2757 sine
294 2727 442 2770 pugna
479 2711 776 2771 recuperavit,
816 2719 862 2754 et
898 2711 1056 2754 Blasen
1101 2712 1257 2756 Perozi
1298 2713 1474 2756 fratrem
1504 2712 1586 2756 iam
1629 2715 1718 2756 tum
1747 2726 1827 2770 pro
1857 2726 1905 2754 se
1934 2725 2003 2754 re·

155 2777 387 2827 guentam,
429 2770 642 2814 desertum
672 2783 699 2813 a
727 2769 817 2812 suis
846 2775 1127 2825 captumque,
1168 2770 1261 2814 oleo
1290 2771 1477 2814 ferventi
1507 2769 1551 2813 in
1579 2771 1724 2814 oculos
1754 2769 1880 2813 misso
1911 2768 2004 2823 (sic

161 2828 274 2872 enim
305 2826 451 2872 Persis
478 2827 652 2872 solenne
677 2827 779 2883 est)
811 2827 1079 2870 excaecavit.
1138 2826 1264 2879 Quae
1295 2828 1474 2885 insuper
1497 2827 1723 2872 Pacui-ium
1751 2827 1865 2870 inter
1895 2827 2007 2869 Per-

162 2898 308 2929 sarum
343 2885 505 2942 Regem
533 2890 579 2928 et
607 2889 796 2929 Arsacen
828 2883 1118 2927 Armeniorum
1149 2884 1448 2943 contigerunt,
1478 2885 1620 2943 deque
1650 2887 1874 2941 Magorum
1904 2898 2005 2927 con-

163 2942 259 2986 silio
300 2943 481 2987 Pacurio
522 2946 675 2988 contra
725 2944 914 2986 Arsacen
966 2940 1097 2995 dato,
1151 2942 1234 2986 nisi
1276 2944 1471 2987 fabulosa
1511 2945 1620 2987 haec
1661 2949 1788 2997 sunt,
1831 2939 2007 2998 scripsit

163 3007 329 3044 auctor.

279 3061 320 3104 7.
378 3057 495 3101 Idem
524 3056 599 3100 ille
634 3056 833 3101 Cabades
864 3055 1131 3113 Ephthalitis
1158 3056 1322 3115 ingenti
1356 3073 1458 3102 aere
1486 3057 1754 3110 obstrictus,
1795 3056 1850 3099 ab
1891 3057 2009 3099 Ana-

166 3113 299 3159 stasio
337 3114 445 3174 Imp.
488 3113 711 3172 pecuniam
754 3122 939 3159 mutuam
983 3115 1235 3169 postulavit.
1311 3117 1449 3169 Quam
1505 3116 1579 3159 ubi
1622 3130 1706 3159 non
1746 3112 2010 3171 impetravit,

167 3170 286 3215 nuile
313 3171 398 3216 ulia
426 3172 482 3215 de
511 3185 643 3215 causa
682 3172 911 3229 repentina
941 3169 1184 3216 incursione
1222 3174 1374 3218 bonam
1410 3174 1638 3218 Armeniae
1668 3179 1833 3230 partem
1862 3177 2010 3214 vasta-

168 3229 261 3281 vit,
290 3229 561 3288 Amidamque
591 3229 773 3273 obsedit.
833 3229 942 3272 Dum
973 3242 1078 3272 vero
1108 3230 1162 3273 ab
1192 3245 1270 3283 ea,
1302 3231 1535 3289 potiundae
1563 3245 1642 3289 spe
1672 3229 1850 3281 amissa,
1892 3242 2013 3271 rece-

170 3285 266 3338 dit,
300 3285 473 3330 foedum
511 3287 873 3330 meretricularum
927 3287 1215 3343 spectaculum
1276 3287 1500 3332 iterandae
1553 3287 1790 3332 obsidionis
1845 3298 2013 3328 causam

171 3341 390 3401 praebuit.
444 3343 517 3387 lta
545 3342 679 3399 igitur
708 3358 760 3387 ac
791 3344 936 3386 furore
967 3345 1161 3400 percitus
1192 3346 1399 3390 Cabades
1428 3346 1472 3389 in
1502 3346 1727 3389 obsidione
1760 3343 2014 3401 perdurans,

172 3401 319 3443 urbem
347 3400 393 3442 vi
420 3407 662 3458 expugnat,
690 3401 892 3459 civesque
921 3414 1071 3445 servos
1101 3416 1198 3446 esse
1227 3402 1361 3447 iubet.
1422 3404 1583 3447 Postea
1611 3409 1753 3447 tamen
1784 3401 2013 3458 plerosque

172 3456 371 3515 captivos
398 3456 536 3512 gratis
564 3457 729 3503 domum
756 3458 947 3503 remisit:
979 3472 1087 3516 quos
1112 3467 1158 3504 et
1182 3461 1436 3506 Anastasius
1460 3460 1572 3507 omni
1597 3467 1664 3505 est
1690 3456 2013 3503 benevolentiae

173 3527 334 3572 genere
362 3513 618 3571 complexus.
