2254 3814
336 160 455 218 308
998 161 1491 215 ARGUMENTUM.

321 299 459 354 fidem
498 298 639 352 Aspar
673 295 916 349 corrumpit.
978 295 1218 349 Imperator
1258 297 1496 339 Occidentis
1523 295 1789 342 Anthemius.
1852 296 2152 343 Marcellianus

335 356 607 404 Sardiniam,
636 353 862 393 Heraclius
896 352 1084 407 Tripolin
1112 359 1310 407 occupat,
1352 355 1509 396 exactis
1544 356 1765 397 Vandalis.
1826 355 1998 409 Persida
2023 359 2151 399 Basi—

334 414 427 456 lisci
450 411 674 453 cunctatio.
735 409 920 451 Gizerici
940 412 1083 462 fraus.
1142 410 1362 452 Praelium
1389 413 1561 455 navale.
1618 413 1791 454 Ioannis
1812 414 2000 466 facinus.
2059 416 2151 455 Ba-

330 472 467 512 silisco
507 469 555 507 ob
595 479 684 507 rem
724 467 838 507 male
875 473 1046 522 gestam
1082 474 1252 509 creatur
1286 469 1534 522 periculum.
1615 470 1796 524 Asparis
1835 475 1878 511 et
1914 471 2149 512 Ardaburii

331 527 494 569 caedes.
527 523 618 577 (6.)
679 523 896 565 Anthemii
926 530 968 566 et
999 524 1162 577 Olybrii
1189 526 1357 567 caedes.
1415 525 1571 568 Leonis
1594 528 1813 581 utriusque
1834 526 1984 569 obitus.
2048 527 2150 570 Ma-

330 584 492 626 iorinus
532 581 687 621 bellum
721 586 854 634 parat
895 581 941 622 in
988 581 1217 623 Vandalus.
1278 582 1545 638 Prodigium.
1606 584 1776 637 Nepos,
1823 584 2064 638 Glycerius,
2107 589 2150 627 et

331 639 613 694 Augustulus.
672 637 908 679 Basiliscus
947 637 1001 679 ab
1032 640 1210 680 Armate
1247 641 1442 693 proditus
1473 641 1634 682 Zenoni
1661 642 1739 683 dat
1764 654 1939 696 poenas.
2000 642 2090 683 Pax
2120 655 2151 682 a

336 696 528 739 Gizerico
564 707 658 734 cum
698 695 868 736 Zenone
904 695 1072 737 sancita
1112 697 1304 750 quandiu
1329 698 1508 739 steterit.
1571 698 1756 740 Gizerici
1781 704 2079 742 testamentum
2107 705 2151 741 et

333 754 481 796 obitus.
512 750 600 806 (7.)
661 750 898 793 Honoricns
930 753 1121 794 Gizerico
1152 754 1360 795 succedit.-
1400 760 1529 797 vexat
1563 756 1828 805 Catholicos‚
1867 756 1963 810 qui,
2002 755 2150 797 excisis

334 810 523 866 linguis,
552 810 803 863 loquuntur,
841 815 1146 865 praeterquam
1175 811 1389 852 libidinosi
1416 812 1512 854 duo.
1570 812 1719 854 Mauri
1748 826 1777 853 a
1811 812 2016 854 Vandalis
2043 813 2149 866 defi-

330 869 463 911 ciunt.
522 866 761 908 Crudeliter
801 866 1165 920 Gmdamundus,
1208 869 1363 910 blande
1404 869 1726 911 Trasamundus
1764 870 2025 911 orthodoxos
2050 883 2150 924 per-

328 929 575 980 sequuntur.
659 923 933 976 Amalafrida
978 925 1274 966 Trasamundo
1310 926 1445 969 nubit.
1529 926 1741 969 Cabaonis
1779 926 1928 968 Mauri
1966 927 2150 982 insignis

324 984 469 1038 pietas
507 981 554 1023 in
588 982 749 1034 templa
792 981 1129 1034 Camunnorum,
1167 983 1302 1038 deque
1337 983 1545 1025 Vandalis
1571 985 1762 1026 victoria.
1804 983 1896 1038 (8.)
1987 985 2151 1026 Trasa-

326 1039 478 1082 mundi
504 1051 716 1080 successor
741 1038 947 1080 Ildericus
975 1053 1004 1080 a
1039 1040 1207 1081 Gotthis
1234 1040 1439 1082 dissidet.-
1482 1041 1712 1083 Iustiniani
1738 1042 1926 1082 amicus:
1969 1055 1998 1083 a
2030 1042 2149 1082 Geli-

327 1111 445 1139 mere
472 1095 691 1137 coniicitur
718 1095 763 1136 in
790 1095 977 1136 vincula.
1039 1097 1219 1138 Mutuae
1251 1097 1480 1139 Iustiniani
1522 1103 1565 1138 et
1596 1098 1820 1139 Gelimeris
1848 1099 2014 1140 literae.
2075 1100 2149 1140 Iu-

326 1154 539 1196 stinianus
564 1152 618 1194 de
648 1152 754 1193 bello
793 1152 1026 1194 Vandalico
1055 1154 1236 1208 cogitat.
1278 1154 1370 1207 (9.)
1455 1154 1568 1196 Belli
1602 1155 1829 1196 Vandalici
1856 1155 2148 1209 difficultates.

327 1211 382 1253 Id
410 1211 592 1252 Ioannes
623 1208 871 1260 Praefectus
901 1210 1121 1251 Praetorio
1162 1211 1395 1252 dissuadet.
1457 1211 1622 1255 Suadet
1661 1212 1906 1266 Episcopus.
1967 1213 2150 1268 Tripolis

327 1274 371 1310 et
400 1267 606 1310 Sardinia
634 1267 680 1306 in
710 1266 941 1307 Iustiniani
978 1267 1182 1308 ditionem
1221 1268 1411 1312 veniunt.
1450 1267 1568 1322 (10.)
1657 1267 1886 1323 Copiarnm
1923 1283 2150 1311 numerus.-

325 1326 481 1367 ducum
523 1323 721 1364 nomina:
762 1323 909 1364 classis
945 1323 1184 1378 descriptio.
1242 1325 1462 1366 Summum
1503 1325 1728 1380 imperium
1755 1326 1969 1367 Belisarii.
2031 1327 2150 1369 Geli-

323 1383 454 1424 meris
482 1386 670 1422 conatus.
732 1379 798 1420 Ex
830 1379 1059 1422 Iustiniani
1087 1381 1199 1423 dicto
1228 1387 1400 1436 captum
1428 1395 1563 1424 omen.
1588 1383 1703 1438 (11.)
1770 1383 2037 1438 Epiphanius
2063 1386 2151 1426 Ar-

325 1440 462 1493 chiep.
510 1436 596 1479 GP.
640 1436 769 1477 classi
811 1437 917 1478 bene
950 1444 1166 1492 precatur.
1229 1437 1422 1494 Procopii
1460 1440 1682 1482 somnium.
1744 1440 1901 1482 Classis
1930 1441 2149 1484 discessus.

324 1495 539 1538 Severitas
578 1493 796 1535 Belisarii.
865 1494 1072 1536 Eiusdem
1112 1495 1252 1537 concio
1292 1497 1398 1538 duce
1437 1496 1680 1540 Christiano
1716 1497 1984 1552 dignissima.
2031 1499 2149 1554 (12.)

323 1551 529 1595 Belisarii
554 1551 841 1605 providentia.
907 1553 1066 1594 Classis
1095 1554 1156 1594 ad
1186 1554 1376 1595 Maleam
1404 1554 1451 1595 in
1480 1554 1705 1596 discrimen
1725 1556 1977 1598 adducitur.-
2005 1557 2149 1598 mala-

323 1611 395 1653 cia
439 1609 670 1651 Methonae
709 1614 891 1650 tenetur.
951 1610 1125 1650 Ioannis
1170 1610 1382 1663 Praefecti
1409 1611 1557 1654 Praet.
1584 1618 1786 1666 quaestus
1818 1627 1868 1654 ex
1892 1627 2006 1667 pane
2034 1614 2149 1656 male

322 1673 464 1718 cocto,
509 1666 627 1707 euius
669 1679 764 1706 esus
792 1666 1011 1708 interitum
1040 1667 1185 1709 multis
1214 1669 1377 1711 attulit.
1441 1669 1639 1722 Quanam
1668 1676 1764 1711 arte
1794 1685 1950 1724 aquam
1983 1671 2149 1712 dulcem

318 1723 540 1767 Antonina
568 1724 858 1777 incorruptam
885 1726 1134 1767 servaverit.
1164 1725 1281 1779 (13.)
1352 1728 1566 1781 Appulsus
1594 1727 1641 1768 in
1670 1727 1864 1769 Siciliam
1893 1729 2148 1780 Belisarius‚

320 1781 570 1835 Procopium
612 1781 846 1833 Syracusas
881 1782 1036 1829 mittit,
1081 1782 1135 1824 de
1173 1782 1463 1825 Vandalorum
1490 1784 1615 1826 rebus
1638 1791 2000 1839 percontaturum.
2059 1787 2146 1827 Suo

320 1839 550 1894 Procopius
585 1851 759 1879 munere
796 1839 978 1894 egregie
1008 1839 1230 1894 fungitur.
1290 1841 1446 1882 Classis
1476 1841 1668 1894 Africam
1699 1843 1825 1895 petit.
1870 1839 1989 1896 (14.)
2073 1843 2146 1884 Ad

318 1910 440 1939 oram
469 1894 646 1949 Africae
687 1895 741 1936 de
784 1909 982 1937 exscensu
1012 1897 1220 1949 faciendo
1250 1896 1521 1940 deliberatur.
1584 1900 1646 1940 Eo
1667 1902 1791 1952 sacto
1816 1906 2034 1953 ponuntur
2070 1914 2146 1941 ca-

317 1960 424 1996 stra.
456 1953 522 1994 Em
551 1965 667 2006 aqua
693 1950 949 1994 mirabiliter
980 1960 1222 2008 erumpente
1239 1953 1464 2009 Procopius
1490 1968 1614 1997 omen
1638 1956 1845 1998 victoriae
1864 1957 1993 1998 ducit.
2026 1955 2145 2011 (15.)

318 2011 559 2053 Belisarius
586 2023 681 2050 suos
710 2009 770 2050 ad
803 2010 1072 2064 disciplinam
1097 2012 1327 2053 militarem
1355 2018 1398 2054 et
1426 2013 1678 2055 modestiam
1699 2013 1911 2055 hortatur.
1971 2014 2144 2067 Syllecti

317 2068 494 2111 deditio.
553 2066 665 2121 Equi
702 2080 847 2108 cursus
883 2067 1045 2121 publici
1072 2068 1233 2110 dantur
1262 2068 1503 2122 Belisario,
1542 2084 1572 2111 a
1608 2068 1690 2124 quo
1721 2071 1968 2112 veredarius
1996 2072 2144 2114 literas

315 2123 550 2167 Iustiniani
574 2123 634 2165 ad
670 2123 886 2164 Vandalos
911 2125 1127 2179 principes
1154 2125 1322 2180 accipit.
1355 2125 1473 2180 (16.)
1545 2127 1784 2169 Belisarius
1810 2127 2020 2170 instructa
2049 2129 2143 2170 acie

310 2182 519 2238 procedit.
576 2180 784 2222 Exhibita
823 2182 997 2234 Syllecti
1033 2182 1244 2224 modestia
1275 2186 1401 2237 Afros
1438 2183 1694 2227 demeretur.
1754 2186 1942 2227 Gelimer
1969 2185 2142 2228 Ildcrici

314 2239 454 2295 Regis
480 2238 654 2280 caedem
684 2240 911 2280 Ammatae
930 2240 1072 2291 fratri
1098 2253 1173 2281 suo
1202 2241 1465 2291 demandat,
1509 2247 1554 2284 et
1592 2246 1718 2284 caute
1757 2242 1880 2284 Rom.
1910 2244 2139 2285 exereitum

313 2297 516 2352 sequitur.
555 2295 674 2350 (17.)
762 2293 958 2349 Procopii
996 2296 1050 2338 de
1089 2297 1239 2338 divina
1278 2298 1394 2340 circa
1430 2298 1584 2341 bellum
1623 2299 1700 2341 hoc
1725 2301 1996 2353 providentia
2025 2301 2141 2343 iudi-

314 2355 439 2397 cium.
499 2353 729 2395 Ammatae
769 2358 810 2394 et
843 2353 1104 2396 Gibamundi
1130 2355 1288 2398 clades.
1349 2355 1628 2413 Privilegium
1654 2357 1875 2399 cuiusdam
1910 2358 2140 2413 Massage-

313 2417 403 2454 tae.
442 2410 560 2465 (18.)
646 2409 847 2452 Belisarii
883 2412 1025 2453 concio
1063 2412 1289 2456 militaris:
1331 2413 1665 2455 Foederatorum
1705 2420 1842 2457 terror
1870 2429 1920 2457 ex
1949 2416 2138 2458 adventu

316 2467 556 2510 Gelimeris.
614 2466 757 2508 Huius
783 2468 1073 2522 imprudentia
1101 2475 1143 2512 et
1170 2470 1310 2526 turpis
1329 2471 1466 2526 fuga.
1496 2470 1613 2526 (19.)
1670 2471 1878 2514 Belisarii
1906 2477 1947 2514 et
1974 2472 2138 2514 Roma-

313 2539 399 2567 nae
439 2525 586 2566 classis
625 2524 835 2567 adventus
875 2526 1200 2581 Carthaginem.
1259 2527 1462 2584 Egregia
1504 2528 1552 2570 in.
1588 2527 1805 2570 Romanos
1840 2530 2038 2571 voluntas
2075 2531 2137 2572 ci-

311 2583 442 2624 vium.
504 2583 737 2623 Solvuntur
764 2583 908 2624 vincti.
966 2582 1206 2626 Belisarius
1231 2585 1376 2626 urbem
1404 2585 1676 2641 ingreditur.-
1713 2587 1835 2628 sedet
1872 2587 1918 2629 in
1950 2587 2138 2629 Gelime-

311 2640 372 2682 ris
400 2638 517 2680 solio.
578 2639 734 2679 Divina
764 2640 809 2681 in
846 2640 1120 2695 Calonymum
1146 2643 1365 2696 periurum
1393 2643 1721 2686 animaduersio.
1751 2644 1869 2698 (20.)
1927 2644 2136 2699 Delphica
2219 2680 2222 2684 .

313 2702 357 2738 et
388 2695 607 2736 Palatium
646 2696 760 2736 unde
798 2697 931 2742 dicta.
988 2697 1108 2740 Laus
1136 2699 1341 2742 Belisarii
1370 2713 1420 2741 ex
1447 2701 1659 2743 modestia
1687 2701 1883 2743 militum.
1946 2702 2135 2749 Victoria

313 2753 474 2795 ludicro
509 2765 735 2806 puerorum
771 2755 976 2797 vaticinio
1011 2757 1267 2810 praedicta,
1310 2762 1354 2799 et
1386 2759 1598 2811 promissa
1635 2758 1865 2800 Catholicis
1904 2772 1933 2799 a
1961 2759 2016 2803 D.
2051 2759 2135 2813 Cy-

309 2810 464 2866 priane
502 2809 731 2850 secundum
768 2811 951 2864 quietem
988 2813 1089 2856 viso.
1150 2813 1292 2855 Huius
1320 2815 1522 2868 templum
1550 2817 1605 2857 ab
1637 2816 1814 2857 Arianis
1841 2821 2036 2857 ornatum
2064 2830 2134 2858 re-

313 2867 475 2923 cipiunt
507 2866 727 2907 Catholici.
759 2867 876 2922 (21.)
966 2869 1156 2910 Gizerico
1184 2872 1336 2912 datum
1365 2872 1466 2913 olim
1494 2873 1711 2915 consilium
1742 2887 1771 2914 a
1798 2873 1980 2926 quodam
2017 2873 2136 2914 Van-

312 2924 414 2966 dalo
450 2923 753 2978 praesagiente
793 2925 958 2966 cladem
996 2940 1098 2967 suae
1125 2928 1269 2981 gentis
1296 2928 1342 2968 in
1371 2930 1539 2982 Africa.
1600 2930 1904 2972 Crudelitatem
1935 2931 2132 2982 Gizerici,

307 2979 561 3038 praesertim
588 2981 634 3021 in
664 2981 942 3033 Zacynthios,
986 2983 1092 3025 deus
1115 2985 1162 3024 in
1193 2985 1412 3038 nepotibus
1439 2986 1530 3027 eius
1554 2987 1693 3040 punit.
1735 2985 1854 3039 (22.)
1943 2987 2132 3030 Gelimer
2208 3006 2210 3008 ’

307 3037 513 3094 praemiis
551 3037 694 3091 capita
732 3038 854 3080 Rom.
892 3039 1070 3082 addicit.
1129 3041 1370 3096 Egregium
1403 3042 1606 3098 Diogenis
1622 3042 1814 3095 facinus.
1874 3043 1993 3085 Muri
2022 3045 2131 3087 Car-

312 3093 509 3150 thaginis
537 3108 566 3135 a
594 3095 805 3137 Belisario
833 3097 1032 3138 restituti·
1077 3096 1194 3151 (23.)
1283 3099 1492 3140 Tzazonis
1518 3099 1579 3140 ad
1612 3099 1867 3142 Gelimerem
1895 3102 2047 3144 literae
2075 3101 2129 3144 de

311 3157 487 3206 recepta
523 3151 742 3194 Sardinia.
803 3153 990 3195 Gelimer
1030 3154 1229 3195 Theudin
1263 3154 1597 3210 Visigotthorum
1625 3157 1791 3212 Regem
1827 3158 1887 3199 ad
1913 3172 2129 3201 armorum.

311 3210 555 3258 societatem
592 3223 684 3251 sero
720 3209 892 3252 invitat.
981 3209 1163 3264 Cyrillus
1200 3212 1510 3267 Carthaginem
1546 3214 1746 3269 navigat.
1833 3217 2031 3257 Salomon
2067 3215 2131 3257 ad

314 3268 419 3320 Imp.
450 3266 625 3309 nuntius
646 3266 844 3308 mittitur.
877 3264 994 3321 (24.)
1081 3267 1268 3309 Gelirner
1302 3282 1397 3311 suos
1436 3270 1614 3326 colligit.
1675 3272 1924 3314 Maurorum
1963 3273 2128 3326 Reguli

309 3323 576 3380 principatus
613 3323 806 3378 insignia
849 3338 878 3365 a
906 3323 1120 3365 Belisario
1153 3331 1322 3379 petunt.
1384 3326 1571 3370 Gelimer
1600 3328 1840 3372 Tzazonem
1868 3345 1892 3373 e
1920 3331 2126 3373 Sardinia

312 3387 497 3428 revocat.
559 3381 848 3424 Vandalorum
877 3381 1162 3437 comploratio.
1220 3382 1337 3437 (25.)
