2254 3814
324 174 445 231 288
1068 171 1402 225 PROCOPII

149 326 185 364 V
213 325 297 369 334
326 321 428 372 δων
459 317 634 388 ἀρχῆς,
721 315 780 368 οὗ
811 314 906 383 γὰρ
935 313 1066 366 κατὰ
1089 311 1252 381 μόνας
1273 311 1587 382 δυνήσεσθαι
1616 312 1855 384 Κόλχους
1889 312 2145 386 ἀποκρού-

319 410 517 458 σασθαι
546 403 637 468 τὴν
661 404 881 469 Περσῶν
906 397 1138 466 δύναμιν.

491 491 674 540 Ταῦτα
711 487 811 537 ἐπεὶ
848 485 1088 552 βασιλεὺς
1118 484 1475 547 Ἰουστινιανός
1499 485 1685 555 ἤκουσε
1700 526 1717 551 ,
1765 485 2041 555 περιχαρὴς
2063 502 2143 555 γε-

317 572 526 642 νόμενος
551 570 744 640 ἄνδρας
766 569 1169 637 ἑπτακισχιλίους
1193 573 1276 622 καὶ
1299 574 1625 640 Λαγισθαῖον
1653 570 1878 639 ἄρχοντα
1900 573 1983 623 καὶ
2009 569 2147 636 Τζά-

316 680 436 719 νους
454 658 648 726 χιλίους
676 657 727 718 ἔς
756 657 1047 723 ἐπικουρίαν
1073 658 1276 720 Λαζοΐς
1301 657 1538 724 ἔπεμψεν.
1587 657 1645 710 οἳ
1661 656 1724 724 δὴ
1751 658 1804 708 ἓν
1822 662 1885 727 γῇ
1914 661 1978 726 τῇ
2006 659 2188 708 Κολ-5

139 748 175 790 Ρ
208 747 288 790 164
309 747 415 814 χίδι
431 740 680 813 γενόμενοι
696 740 803 808 ἅμα
816 744 1018 807 Λαζοῖς
1032 763 1086 794 τε
1102 744 1185 794 καὶ
1199 747 1270 814 τῷ
1283 746 1335 795 Γ
1330 741 1521 813 ουβάζῃ
1539 737 2149 813 ἐνστρατοπεδευσάμενοι

317 831 450 899 ἀμφὶ
475 829 564 881 τὸν
585 828 792 897 Πέτρας
817 829 1088 894 περίβολον
1111 828 1162 889 ἐς
1188 831 1484 898 πολιορκίαν
1507 829 1839 881 καθίσταντο.
1926 830 2148 895 Περσῶν

318 916 374 968 δὲ
399 919 501 968 τῶν
533 915 762 967 ἐνταῦθα
809 911 969 965 ὄντων
994 910 1356 983 καρτερώτατα
1394 915 1448 966 ἐκ
1474 919 1566 967 τοῦ
1592 910 1864 984 περιβόλου
1891 910 2150 978 ἀμυνομέ-

318 1022 451 1065 νων,
492 997 681 1070 χρόνον
719 1005 782 1070 τῇ
821 1000 1124 1072 προσεδρείᾳ
1166 998 1327 1051 πολὺν
1360 1001 1636 1070 τετρίφθαι
1671 999 1852 1066 ξυνέβη
1871 1038 1887 1062 ,
1935 997 2038 1049 ἐπεὶ
2067 997 2151 1048 καὶ

319 1086 386 1139 τὰ
409 1083 634 1152 ἐδώδιμα
659 1084 1024 1150 ε’ναποθέμενοι
1046 1085 1220 1153 σφίσιν
1243 1085 1292 1137 οἷ
1311 1085 1513 1154 Πέρσαι
1542 1088 1762 1153 διαρκῶς
1788 1083 1981 1150 ἔτυχον.
2027 1078 2150 1134 τού-
2167 1092 2220 1134 10

319 1193 428 1232 τοις
462 1172 516 1223 δὲ
543 1168 568 1224 ὃ
597 1168 842 1240 Χοσρόης
869 1172 1238 1237 ξυνταραχθεὶς
1261 1170 1507 1240 στρατιὰν
1543 1168 1737 1236 πολλὴν
1763 1167 1954 1220 ἱππίων
1987 1188 2041 1219 τε
2067 1168 2151 1218 καὶ

318 1259 481 1321 πεζῶν
509 1255 592 1308 ἐπ’
625 1256 814 1316 αὐτοὺς
839 1254 1093 1318 ἔστελλεν,
1145 1251 1219 1314 οἷς
1250 1254 1314 1322 δὴ
1347 1253 1571 1324 ἄρχοντα
1598 1251 1911 1323 Μερμερόην
1939 1252 2174 1320 siniam—⁸

318 1362 420 1395 σεν.
512 1335 674 1410 ὧνπερ
701 1339 727 1393 ὃ
751 1345 802 1393 Γ
798 1336 1018 1406 ουβάζης
1044 1337 1356 1407 αἰσθόμενος
1391 1346 1463 1414 τῷ
1496 1360 1550 1393 τε
1580 1340 1893 1412 Δαγισθαίῳ
1925 1337 2151 1391 ἐπίκοινα

315 1425 724 1495 βουλευσάμενος
745 1426 894 1478 ἐποίει
917 1421 1053 1477 τάδε.
1580 1427 1587 1438 “

496 1510 633 1574 Βόας
660 1509 686 1564 ὅ
720 1509 951 1576 ποταμὸς
975 1508 1152 1572 ἔξεισιν
1177 1507 1390 1580 ἄγχιστά
1419 1533 1489 1579 πη
1515 1516 1618 1565 τῶν
1648 1512 1900 1578 Τζανικῆς
1922 1506 2075 1579 ὁρίων
2099 1509 2150 1560 ἓν
2166 1517 2220 1562 15

309 1597 615 1669 Ἀρμενίοις,
666 1597 722 1650 οἳ
742 1597 804 1665 δὴ
835 1595 966 1666 ἀμφὶ
990 1595 1046 1648 τὸ
1079 1593 1370 1666 Φαράγγιον
1400 1595 1638 1669 ᾤκηνται.
1695 1598 1779 1648 καὶ
1807 1595 1871 1648 τὰ
1893 1596 1984 1660 μὲν
2009 1598 2153 1663 πρῶ-

258 1684 296 1725 Β
323 1707 385 1736 τα
418 1686 469 1736 ἒν
497 1686 636 1756 δεξιᾷ
668 1683 747 1734 ἐπὶ
786 1687 1019 1735 πλεῖστον
1053 1690 1236 1751 χωρεῖ,
1281 1679 1480 1752 βραχύς
1504 1703 1558 1735 τε
1592 1681 1683 1736 ἰὼν
1704 1683 1788 1734 καὶ
1821 1678 1958 1753 πόνῳ
1987 1679 2153 1732 οὐδενὶ

315 1768 579 1838 γενόμενος
615 1767 833 1834 ἒσβατὸς
869 1765 1060 1819 ἅπασιν
1104 1766 1220 1836 ἄχρι
1263 1768 1315 1828 ἐς
1341 1773 1548 1838 χῶρον,
1607 1760 1667 1820 οὗ
1703 1766 1766 1835 δὴ
1804 1767 1856 1818 ἓν
1894 1768 2032 1839 δεξιᾷ
2058 1764 2151 1831 μὲν

313 1853 526 1925 Ἰβήρων
557 1853 623 1906 τὰ
665 1851 779 1924 ὅριά
820 1853 924 1906 ἔστι
939 1893 955 1918 ,
1005 1853 1308 1923 καταντικρὺ
1345 1854 1400 1905 δὲ
1425 1857 1632 1927 τελευτᾷ
1659 1850 1777 1922 ὄρος
1801 1848 1826 1904 ὃ
1852 1848 2147 1911 Καύκασος.

317 1942 549 1992 ἐνταῦθα
575 1938 704 2007 ἔθνη
730 1938 860 1990 ἄλλα
886 1959 938 1989 τε
964 1937 1129 1990 πολλὰ
1152 1939 1234 1990 καὶ
1250 1937 1458 1991 Ἀλανοί
1473 1960 1527 1991 τε
1558 1940 1642 1991 καὶ
1656 1938 1897 2006 Ἀβασγοὶ
1928 1935 2148 2008 ᾤκηνται
2164 1943 2222 1987 20

314 2029 650 2094 Χριστιανοΐς
685 2045 738 2075 τε
776 2026 858 2075 καὶ
881 2020 1148 2089 Ῥωμαίοις
1183 2023 1328 2097 φίλοι
1352 2024 1405 2076 ἔκ
1430 2029 1651 2077 παλαιοῦ
1685 2022 1853 2089 ὄντες,
1900 2023 2068 2091 Ζῆχοί
2098 2046 2151 2078 τε

162 2114 206 2157 Η
235 2115 289 2158 87
319 2114 400 2163 καὶ
435 2110 551 2177 μετ’
598 2108 786 2170 αὐτοὺς
815 2102 1027 2174 Οὗννοι,
1067 2105 1374 2179 οἳΣάβειροι
1410 2111 1780 2163 ἐπικαλοῦνται.
1870 2109 2072 2163 ἐπειδὰν
2097 2112 2152 2164 δὲ

314 2194 340 2249 ὃ
369 2195 599 2262 ποταμὸς
629 2187 780 2256 οὗτος
814 2194 1058 2263 ἀφίκηται
1083 2195 1169 2247 ἵνα
1202 2194 1266 2262 δὴ
1305 2199 1396 2247 τοῦ
1437 2215 1491 2248 τε
1513 2192 1800 2248 Καυκάσου
1824 2196 1907 2247 καὶ
1926 2195 2151 2265 Ἰβηρίας

314 2281 380 2334 τὰ
408 2278 523 2353 ὅριά
550 2281 716 2346 ἔστιν,
765 2281 997 2332 ἐνταῦθα
1035 2279 1387 2349 ἐπιγινομένων
1416 2280 1466 2334 οἱ
1496 2282 1582 2334 καὶ
1616 2279 1786 2335 ἄλλων
1813 2277 2019 2335 ὑδάτων
2037 2281 2148 2349 μεί-

429 2431 498 2475 15.
531 2427 682 2486 Βόας]
713 2429 853 2487 Vulgo
886 2428 1025 2481 Βοᾶς.

315 2563 411 2602 tere
421 2558 806 2656 ιιροὲρριαηιὶὺυεε
847 2559 961 2615 quod
994 2573 1124 2616 pares
1161 2573 1244 2616 per
1282 2573 1331 2603 se
1371 2559 1452 2604 soli
1479 2574 1562 2603 non
1590 2559 1734 2603 forent
1772 2559 1958 2604 Persicis
1986 2560 2149 2604 viribus

314 2630 362 2658 re
395 2630 419 2657 e
453 2628 504 2656 en
534 2630 586 2657 is.

363 2630 391 2672 P
429 2672 523 2714 Hoc
551 2672 690 2715 laetus
731 2672 878 2715 nuntio
917 2673 1177 2717 Iustinianus
1215 2675 1325 2731 Aug.
1355 2674 1639 2717 Romanorum
1667 2687 1746 2716 vn.
1776 2686 1824 2716 n.
1884 2674 2149 2731 Dagisthaeo

315 2729 452 2781 duce,
496 2743 588 2771 cum
629 2730 791 2771 Tzanis
831 2729 974 2783 mille,
1013 2731 1234 2789 suppetias
1262 2731 1390 2776 Lazis
1431 2731 1590 2774 afferre
1630 2731 1764 2774 iubet.
1824 2731 1881 2774 Hi
1911 2732 2065 2775 castris
2094 2732 2150 2775 ad

314 2787 476 2829 Petrae
507 2786 673 2841 moenia
715 2801 806 2829 cum
847 2787 977 2830 Lazis
1022 2797 1067 2832 et
1116 2791 1297 2832 Gubaze
1344 2789 1611 2840 coniunctis,
1651 2788 1912 2832 obsidionem
1953 2789 2150 2845 aggressi

312 2849 434 2886 sunt:
463 2857 572 2899 quae
601 2843 804 2886 diuturna
839 2844 1060 2888 admodum
1089 2847 1199 2900 fuit,
1231 2847 1405 2891 Persico
1435 2846 1650 2903 praesidio
1681 2860 1705 2888 e
1732 2847 1861 2889 muris
1889 2847 2035 2889 urbem
2058 2847 2148 2889 for-

311 2900 473 2942 tissime
517 2900 794 2953 defensante,
835 2901 1040 2958 uberique
1081 2917 1248 2947 annona
1285 2903 1512 2946 instructo.
1584 2905 1773 2955 Quarum
1813 2917 1957 2945 rerum
1999 2903 2146 2947 nuntio

310 2958 509 2999 turbatus
540 2957 780 3010 Chosroes,
826 2973 876 3001 eo
918 2974 1092 3016 magnas
1131 2962 1320 3017 equitum
1362 2961 1633 3017 peditumque
1672 2959 1816 3015 copias
1857 2960 1994 3012 misit,
2040 2961 2148 3003 duce
2188 3000 2190 3002 .

309 3015 396 3057 illis
443 3015 664 3069 praefecto
706 3015 959 3058 Mermeroe.
1019 3018 1148 3069 Quod
1189 3018 1262 3060 ubi
1301 3018 1514 3060 intellexit
1554 3017 1786 3069 Gubazes‚
1836 3017 2145 3060 communicato

311 3085 402 3114 cum
432 3071 694 3126 Dagisthaeo
723 3072 926 3123 consilio,
956 3073 1045 3124 ita,
1085 3081 1134 3116 ut
1161 3089 1258 3118 mox
1286 3075 1447 3126 dicam,
1477 3087 1526 3116 se
1554 3074 1703 3129 gessit.

425 3128 552 3184 Apud
592 3129 811 3170 Armenios
852 3130 1083 3186 Pharangii
1123 3132 1316 3183 accolas,
1357 3130 1548 3188 proxime
1577 3129 1797 3173 Tzanicae
1825 3130 1964 3182 fines,
2011 3129 2147 3173 oritur

311 3185 469 3229 fluvius
498 3186 636 3227 Boas=
676 3185 751 3240 qui
799 3185 954 3227 dextra
982 3187 1224 3242 longissime
1252 3187 1498 3244 procurrit,
1529 3201 1556 3230 a
1585 3187 1705 3229 fonte
1734 3187 1948 3239 modicus,
1979 3194 2025 3230 et
2053 3187 2146 3230 cui-

313 3243 379 3286 vis
409 3242 536 3284 facile
575 3242 828 3298 superabilis
858 3242 912 3284 ad
952 3243 999 3284 id
1038 3243 1148 3296 loci,
1189 3245 1263 3286 ubi
1293 3244 1349 3286 ad
1379 3244 1570 3286 dextram
1600 3244 1767 3300 quidem
1798 3251 1865 3287 est
1893 3245 2061 3287 lberiae
2092 3243 2146 3287 li-

313 3315 431 3352 mes,
468 3314 493 3341 e
533 3299 711 3354 regione
753 3314 858 3341 vero
897 3305 1110 3342 extremus
1151 3301 1385 3344 Caucasus.
1443 3300 1511 3343 Ibi
1552 3315 1643 3343 cum
1673 3301 1784 3343 aliae
1811 3307 1960 3357 gentes
1989 3301 2145 3344 multae
2192 3302 2194 3305 ’

314 3357 440 3401 sedes
469 3356 651 3407 habent,
691 3364 777 3398 tum
807 3355 931 3398 Alani
959 3363 1088 3413 atque
1116 3358 1304 3414 Abasgi‚
1335 3362 1506 3400 veteres
1536 3357 1872 3401 Christianorum
1903 3372 1955 3401 ac
1985 3358 2144 3401 Roma-

314 3429 463 3458 norum
506 3412 657 3455 amici:
697 3413 832 3455 Zechi
871 3419 1123 3469 praeterea,
1164 3421 1347 3472 postque
1386 3414 1462 3457 hos
1502 3415 1648 3457 Hunni
1678 3419 1953 3471 cognomento
1984 3414 2142 3457 Sabiri.

316 3473 383 3516 Eo
413 3483 668 3529 progressus
706 3470 776 3514 hic
804 3470 984 3526 fluvius,
1023 3471 1097 3515 ubi
1126 3479 1172 3516 et
1212 3473 1429 3516 Caucasus
1459 3478 1504 3515 et
1531 3472 1677 3516 Iberia
1704 3472 2010 3524 terminantur,
2042 3485 2143 3515 con-
