2254 3814
402 157 523 216 372
1150 154 1483 210 PROCOPII

318 364 324 370 ι
398 297 478 350 ἐπὶ
502 301 593 365 τῆς
617 293 770 367 ᾐόνος
794 291 1080 363 θαυμάζων
1105 293 1316 365 εἱστήκει
1339 293 1416 352 ὅτι
1444 297 1494 350 οἳ
1517 294 1609 350 οὐκ
1634 295 1875 351 ἀπεδίδου
1902 297 1990 352 τὸν
2017 297 2229 367 ἄνθρω-

395 403 519 446 πον,
567 379 864 449 ἀναβοήσας
889 378 1202 451 Προκόπιος,
1241 380 1492 450 πλεούσης
1521 382 1621 451 ἤδη
1651 388 1745 451 τῆς
1767 383 1909 450 νεώς,
1954 393 2227 455 παρῃτεῖτο

393 463 468 533 μή
505 460 555 518 οἱ
582 470 818 532 χαλεπῶς
853 465 1005 533 ἔχειν·
1046 471 1233 536 χρῆναι
1270 466 1367 538 γὰρ
1411 466 1502 521 τὸν
1535 467 1732 536 οῗκὲτην
1766 473 1840 540 τῷ
1871 489 1926 521 τε
1957 473 2227 542 στρατηγῷ

396 553 644 617 συμμῖξαι
678 552 762 603 καὶ
802 552 852 612 ἐς
882 551 976 619 τὴν
1010 548 1224 620 Λιβύην
1255 557 1329 623 τῷ
1369 558 1574 625 στρατῷ
1612 550 2035 622 καθηγησάμενον
2058 554 2150 606 οὐκ
2178 555 2229 615 ἒς

392 634 598 704 μακρὰν
623 636 674 697 ἐς
693 635 787 698 τὰς
809 633 1147 708 Συρακούσας
1169 634 1428 706 ἐπανήκειν
1439 678 1456 704 ,
1496 634 1739 710 χρήματα
1763 635 1959 708 μεγάλα
1983 643 2228 710 περιβαλ-

391 717 620 788 λόμενον.

210 789 251 830 V
280 786 368 889 363
559 802 877 876 Ἀφικόμενοι
903 804 958 858 δὲ
984 806 1036 868 ἐς
1062 805 1128 859 τὰ
1156 801 1410 860 Καΰκανα
1434 804 1749 878 εὑρίσκουσιν
1780 805 2012 870 ἅπαντας
2036 807 2087 859 ἓν
2109 806 2230 861 πέν-

395 897 482 945 θει
501 890 722 964 μεγάλῳ.
767 888 1053 961 Δωρόθεος
1076 890 1172 962 γὰρ
1203 890 1228 944 ὃ
1252 898 1352 944 τῶν
1380 893 1431 945 ἐν
1452 892 1730 963 Ἀρμενίοις
1749 890 2043 961 καταλόγων
2067 913 2231 962 στρα-

391 977 545 1047 τηγὸς
568 979 799 1030 ἐνταῦθα
824 974 1200 1044 ἐτετελευτήκει,
1227 977 1388 1030 πολὺν
1415 975 1575 1031 αὑτοῦ
1601 975 1771 1031 πόθον
1792 983 1865 1051 τῷ
1889 980 2039 1031 παντὶ
2066 999 2229 1048 στρα-

391 1063 590 1135 τοπέὸῳ
622 1059 900 1115 ἀπολιπών.
987 1059 1290 1132 Βελισάριος
1330 1063 1385 1115 δὲ
1399 1104 1416 1130 ,
1463 1061 1570 1116 ἐπεί
1594 1063 1642 1116 οἳ
1666 1060 1695 1116 ὅ
1723 1084 1777 1115 τε
1807 1063 2002 1131 οἰκέτης
2029 1063 2078 1123 ἒς
2104 1062 2225 1129 ὄψιν

392 1143 525 1216 ἦλθε
552 1149 635 1200 καὶ
660 1148 748 1201 τὸν
775 1145 944 1200 πάντα
968 1144 1119 1215 λόγον
1142 1146 1348 1216 ἔφρασε,
1394 1147 1672 1216 περιχαρὴς
1694 1145 1954 1215 γενόμενος
1978 1150 2059 1200 καὶ
2084 1152 2229 1217 Προ-

391 1231 568 1287 κόπιον
591 1232 757 1286 πολλὰ
784 1231 1066 1296 ἐπαινέσας,
1111 1232 1299 1284 ἐκέλευε
1322 1238 1543 1299 σημῆναι
1565 1232 1652 1286 τὸν
1679 1230 1940 1286 ἀπόπλουν
1960 1241 2072 1294 ταῖς
2097 1230 2227 1285 σάλ-

390 1323 572 1387 πιγξιν.
637 1314 884 1387 ἀράμενοί
905 1338 958 1370 τε
984 1316 1115 1369 κατὰ
1138 1314 1295 1384 τάχος
1322 1317 1387 1369 τὰ
1411 1318 1576 1382 ἱστία,
1621 1320 1672 1370 Γ
1669 1315 1807 1390 αύλῳ
1835 1339 1887 1370 τε
1915 1319 2227 1389 καὶ’Μελι’τῃ

388 1412 502 1464 ταῖς
537 1399 709 1471 νήσοις
743 1403 1054 1473 προσέσχον,
1102 1402 1164 1454 αἳ
1183 1398 1241 1455 τό
1265 1423 1318 1455 τε
1334 1401 1653 1468 Ἀδριατικὸν
1675 1404 1759 1455 καὶ
1794 1402 2110 1472 Τυρρηνικὸν
2136 1402 2227 1456 πέ-

389 1495 544 1558 λαγος
569 1489 888 1558 διορίζουσιν.
961 1487 1091 1540 ἔνθα
1117 1486 1181 1554 δὴ
1209 1486 1384 1549 αὐτοῖς
1408 1487 1581 1558 Εὕρου
1611 1509 1658 1540 τι
1683 1492 1879 1550 πνεῦμα
1903 1487 2136 1541 ἔπιπεσόν
2161 1490 2225 1559 τῇ

386 1572 634 1647 ὑστεραία
658 1573 752 1635 τὰς
777 1578 904 1634 ναῦς
927 1572 978 1634 ἒς
1004 1571 1097 1640 τὴν
1121 1569 1334 1641 Λιβύης
1350 1572 1512 1642 ’ἀκτὴν
1536 1572 1738 1642 ἤνεγκεν
1764 1574 1814 1634 ἐς
1834 1574 2052 1643 χωρίον,
2101 1571 2130 1626 ὃ
2159 1573 2223 1644 δὴ

387 1659 637 1730 Κεφαλὴν
674 1655 903 1728 βρόχους
937 1662 999 1729 τῇ
1044 1658 1264 1730 σφετέρα
1303 1655 1508 1730 γλώσσῃ
1532 1663 1743 1711 καλοῦσι
1765 1656 2018 1725 Ῥωμαῖοι.
2107 1661 2226 1712 Κα-

387 1742 662 1811 πούτβαδα
703 1743 800 1814 γὰρ
843 1741 869 1797 ὅ
907 1740 1063 1804 τόπος
1092 1741 1549 1814 προσαγορεύεται,
1597 1743 1741 1797 πέντε
1765 1741 1966 1815 ἡμερῶν
1990 1741 2113 1797 ὁδὸν
2139 1743 2224 1796 εὖ-

388 1827 526 1903 ζώνῳ
555 1828 701 1900 ἀνδρὶ
724 1826 1061 1897 Καρχηδόνος
1083 1828 1276 1896 διέχων.

325 1930 365 1972 1)
565 1910 638 1967 ιε’.
721 1913 856 1967 Ἐπεὶ
886 1915 940 1965 δὲ
965 1918 1057 1980 τῆς
1084 1912 1237 1985 ᾐόνος
1261 1912 1418 1982 ἀγχοῦ
1445 1912 1688 1982 ἐγένοντο,
1737 1908 1802 1966 τά
1825 1935 1878 1966 τε
1902 1913 2038 1966 ἱστία
2062 1934 2221 1967 κατα-

385 2001 636 2054 τίθεσθαι
666 1995 692 2052 ὅ
721 1998 1006 2070 στρατηγὸς
1030 1999 1217 2052 ἐκέλευε
1244 2001 1327 2050 καὶ
1352 1996 1572 2068 ἀγκύρας
1597 1998 1699 2051 ἀπὸ
1726 2003 1828 2051 τῶν
1854 2004 1979 2052 νεῶν
2007 1999 2223 2070 ἀπορρι-

501 2109 542 2151 1.
563 2108 635 2150 20.
665 2102 820 2163 ᾐόνος]
852 2101 1011 2161 ἠϊόνος
1032 2105 1086 2149 Ρ.
1170 2104 1276 2146 ibid.
1307 2100 1533 2149 ἀπεδίδου
1555 2105 1646 2149 AL.
1676 2101 1880 2150 ἅπεδίδω
1902 2105 1950 2149 P.
2037 2104 2080 2150 4.
2111 2119 2223 2161 συμ-

500 2163 649 2218 μῖξαι]
671 2164 890 2219 συμμίξαι
910 2164 961 2205 Ρ.
1075 2165 1119 2207 9.
1147 2158 1313 2217 αὐτοῦ]
1338 2160 1486 2207 αὐτοῦ
1510 2163 1560 2205 Ιι.
1677 2163 1747 2208 14.
1782 2162 2087 2220 Τυρρηνικὸν]
2110 2164 2222 2208 ’ω’

497 2221 556 2265 H.
613 2218 840 2277 τυρρηνόν
868 2221 968 2264 Hm.
1027 2220 1129 2262 ibid.
1159 2218 1352 2275 πέλαγος
1379 2244 1435 2251 -
1464 2223 1605 2265 τοῦτο
1635 2217 1686 2264 δὲ
1715 2219 1767 2266 τό
1797 2217 1925 2276 ὕδωρ
1955 2223 2024 2279 (p.
2042 2222 2127 2266 215
2151 2220 2220 2275 b.)

500 2293 582 2322 om.
610 2279 714 2321 HL:
753 2278 913 2321 habent
940 2277 1057 2321 AVP
1087 2281 1133 2319 et
1161 2277 1266 2333 legit
1293 2277 1389 2320 RV.
1479 2279 1551 2323 15.
1579 2277 1744 2328 αὐτοῖς
1772 2279 1871 2321 add.
1901 2282 1952 2321 Α.
2015 2292 2095 2320 om.
2128 2278 2219 2323 PV.

497 2336 605 2380 ibid.
637 2353 682 2380 τι
708 2336 760 2378 Α.
818 2332 911 2379 πού
942 2350 987 2378 τι
1020 2334 1109 2377 PV.
1229 2335 1296 2378 17.
1322 2335 1695 2392 ,,Καπούτβαδα]
1726 2335 1794 2378 Ita
1821 2334 2088 2379 scribendum
2118 2350 2220 2379 cen-

496 2393 590 2444 sui,
635 2407 720 2436 non
751 2390 1061 2451 Κατοῦβαδα,
1105 2395 1155 2434 ut
1182 2390 1377 2447 legebam
1405 2393 1451 2435 in
1477 2394 1685 2452 supplem.
1721 2391 1889 2436 Vatic.“
1932 2394 2082 2438 Man-r.
2139 2407 2221 2437 κα·-

495 2449 717 2509 πούβαδα
745 2453 796 2495 Α.
925 2452 997 2493 21.
1030 2445 1232 2505 ἀγκύρας
1259 2447 1352 2495 ἀπὸ
1380 2452 1472 2494 τῶν
1500 2452 1651 2505 νεῶν]
1684 2446 1775 2494 ἀπὸ
1811 2451 1904 2495 τῶν
1931 2451 2049 2495 νεῶν
2080 2447 2220 2507 clyni-

496 2524 583 2564 ρας
611 2509 661 2551 Α.
774 2509 880 2552 ibid.
909 2504 1343 2564 ἀπορριψαμένους]
1373 2505 1758 2566 ἀποριψαμένους
1789 2509 1846 2553 V.
2204 2512 2213 2542 ³?

383 2606 487 2650 muli
515 2605 708 2650 dominus
735 2605 780 2648 in
809 2605 957 2650 littore
983 2609 1121 2648 staret
1150 2604 1435 2660 mirabundus,
1466 2606 1580 2665 quod
1609 2604 1692 2650 sibi
1719 2605 1792 2648 ille
1820 2619 1904 2648 non
1949 2603 2225 2660 redderetu1÷,'¹

381 2665 620 2719 Procopius
650 2670 850 2707 contenta
878 2678 1008 2714 voce,
1049 2668 1177 2706 eunte
1204 2662 1287 2707 iam
1316 2665 1444 2719 navi,
1484 2663 1656 2721 rogavit
1684 2663 1902 2706 omitteret
1930 2662 2192 2707 iracundiam
2217 2682 2222 2702 ι

382 2727 584 2777 oportere
612 2721 812 2764 famulum
843 2735 937 2763 cum
979 2721 1243 2778 Imperatore
1271 2723 1486 2765 exercitus
1514 2719 1722 2779 colloqui:
1777 2734 1828 2762 ac
1856 2727 2079 2779 postquam
2106 2721 2221 2769 cl

382 2790 470 2876 ἔξω
501 2778 693 2821 duxisset.
720 2779 766 2820 in
793 2778 1004 2830 Africam,
1045 2777 1189 2822 statim
1218 2779 1483 2836 Syracusas,
1528 2778 1658 2822 multa
1685 2777 1883 2820 donatum
1914 2778 2119 2833 pecunia,
2146 2791 2183 2820 r
2207 2779 2224 2829 «ἕ

429 2839 584 2876 turum.
2192 2869 2193 2874 ,
2215 2841 2217 2848 ·

498 2891 644 2934 Delati
684 2890 910 2944 caucana,
959 2893 1075 2936 luctu
1104 2893 1229 2950 plena
1267 2897 1410 2936 castra
1450 2892 1685 2935 inveniunt.
1742 2890 1855 2934 Nam
1882 2889 1943 2933 ibi
1972 2890 2193 2934 Dorothe

385 2948 610 2991 Armeniae
639 2948 727 2990 dux
756 2950 952 3001 obierat,
995 2965 1146 3006 magno
1176 2950 1244 2993 sui
1271 2950 1422 2992 relicto
1452 2950 1644 2992 omnibus
1673 2946 1902 2990 desiderio.
1961 2950 2021 2990 At
2049 2948 2214 2997 Belis

383 3005 490 3055 rius,
517 3005 591 3048 ubi
620 3005 822 3048 famulum
850 3007 977 3059 vidit,
1008 3013 1053 3050 et
1082 3007 1222 3050 omnia
1252 3007 1378 3063 plane
1405 3007 1691 3049 enuntiantem
1719 3003 1900 3056 audivit,
1945 3005 2223 3059 vehemens-*3

385 3062 560 3118 gavisus
591 3068 680 3114 est,
723 3077 776 3104 ac
805 3063 1025 3118 plurimum
1054 3065 1230 3107 laudato
1262 3063 1504 3120 Procopio,
1532 3064 1728 3105 tubarum
1759 3063 1958 3118 clangore
1987 3062 2146 3104 discess

385 3118 500 3172 edici
525 3117 664 3161 iussit.
724 3119 915 3161 Sublatis
953 3121 1177 3164 confestim
1207 3120 1341 3172 velis,
1391 3120 1567 3163 classem
1595 3120 1830 3162 advertunt
1868 3119 1925 3161 ad
1959 3118 2142 3161 Gaulum
2181 3109 2227 3170 ·-.;''

385 3174 577 3218 Melitam
605 3175 785 3229 insulas,
829 3177 984 3232 quibus
1013 3192 1128 3219 mare
1156 3176 1419 3220 Adriaticum
1447 3190 1475 3220 a
1503 3177 1732 3232 Tyrrheno
1763 3175 1986 3218 dirimitur.
2042 3175 2110 3218 Ibi
2139 3189 2163 3218 e

385 3238 510 3276 ortus
539 3232 682 3274 Eurus
710 3232 886 3275 classem
916 3234 1127 3289 postridie
1154 3234 1210 3276 ad
1242 3233 1354 3276 illam
1382 3233 1544 3277 littoris
1573 3233 1748 3277 Africae
1777 3239 1942 3290 partem
1970 3232 2095 3286 tulit,
2139 3246 2201 3279 us,

385 3293 454 3332 est
481 3288 760 3346 Caputvada=
797 3289 860 3331 sic
889 3289 1033 3345 lingua
1061 3290 1240 3333 Romani
1267 3304 1348 3333 sua
1374 3290 1511 3334 locum
1537 3290 1772 3348 appellant,
1799 3289 1914 3333 unde
1941 3289 1998 3332 ad
2026 3283 2227 3333 Carth..t

385 3346 529 3403 ginem
556 3346 718 3389 dierum
745 3345 902 3389 vsiter
929 3352 996 3390 est
1022 3347 1118 3390 viro
1147 3347 1367 3404 expedito.
2195 3366 2211 3387 μ

503 3403 574 3447 15.
629 3405 810 3446 Admota
838 3404 893 3446 ad
922 3403 1041 3447 littus
1067 3404 1232 3457 classe,
1278 3402 1445 3447 demitti
1474 3403 1598 3456 vela,
1637 3402 1846 3460 iactisque
1873 3418 1899 3446 e
1928 3402 2106 3446 navibus
2143 3422 2148 3437 ι
2171 3422 2174 3436 2
2195 3417 2226 3462 ‘a

385 3459 560 3517 choris,
605 3466 724 3505 stare
762 3460 998 3506 Belisarius
1034 3461 1178 3506 iubet=
1229 3463 1320 3506 tum
1359 3460 1541 3505 ducibus
1579 3466 1625 3505 et
1661 3459 1903 3506 Praefectis
1944 3460 2136 3503 omnibus
2164 3457 2195 3515 ’ζ
2221 3496 2225 3503 ⁴
