2254 3814
387 147 510 206 470
912 177 917 183 ·
1137 141 1473 196 PROCOPII

387 285 422 354 ’ἢ
460 285 597 348 ὅπως
631 306 683 338 τε
712 280 843 355 ἐφύη
870 284 955 336 καὶ
985 283 1035 346 ές
1064 281 1092 337 ὅ
1118 304 1166 337 τι
1199 277 1514 350 ἐτελεύτησεν
1529 320 1547 347 ,
1579 280 1708 351 ε’ρῶν
1729 278 1954 351 ἔρχομαι.
2045 280 2212 349 ἐπειδὴ

388 373 633 425 Βανδίλοι
669 366 980 438 ἡσσήθησαν
1016 373 1081 440 τῇ
1116 363 1285 439 μάχῃ,
1342 365 1510 436 ὥσπερ
1542 388 1631 434 μοι
1670 365 1964 436 ἔμπροσθεν
1999 364 2210 435 εἴρηται,

393 457 441 511 οἱ
467 454 706 522 Ῥωμαῖοι
725 458 1037 524 στρατιῶται
1060 452 1155 516 τὰς
1180 452 1352 506 αὐτῶν
1380 448 1569 513 παῖδάς
1594 472 1649 504 τε
1670 453 1755 503 καὶ
1776 459 2019 520 γυναῖκας
2046 452 2096 503 ἐν
2120 471 2214 519 γα-

326 550 363 592 Β
390 546 557 609 μετῶν
601 536 902 606 ἐποιήσαντο
938 536 1090 613 λόγῳ.
1177 535 1208 605 ἡ
1249 537 1304 590 δὲ
1339 535 1511 590 αὐτῶν
1540 532 1726 604 ἑκάστη
1759 535 1848 589 τὸν
1875 534 2041 605 ἄνδρα
2075 535 2216 604 ἐνῆγε

386 630 488 679 τῶν
509 624 710 694 χωρίων
747 629 850 691 τῆς,
877 624 1084 685 κτίσεως
1110 626 1532 691 μεταποιεῖσθαι,
1580 613 1651 674 ὧν
1690 620 1822 689 αὐτὴ
1848 616 2094 691 πρότερον
2124 641 2217 672 κυ-

389 712 474 779 ρία
496 706 762 778 ἐτύγχανεν
799 702 958 775 οὖσα,
1004 707 1099 776 οὐχ
1138 706 1278 761 ὅσιον
1319 705 1537 776 λέγουσα
1565 703 1718 772 εἶναι,
1765 708 1808 758 εἴ
1829 706 2104 766 Βανδίλοις
2126 705 2220 772 μέν
2253 741 2254 770 5

387 799 618 858 ξυνοικοῖ
622 814 709 846 σαι
739 790 938 847 τούτων
961 791 1250 858 ἀπώναντο,
1298 799 1406 854 τοῖς
1429 792 1486 845 δὲ
1509 789 1698 852 αὐτοὺς
1723 786 2029 860 νενικηκόσιν
2054 790 2104 851 ἐς
2126 785 2222 859 γά-
2253 785 2254 817 3

387 900 489 947 μον
537 879 786 932 ἐλθοῦσαι
835 876 970 932 οὕτω
1025 878 1087 948 δὴ
1133 883 1236 932 τῶν
1271 879 1446 948 σφίσιν
1494 871 1830 947 ὖπαρχόντων
1866 871 2218 944 στερήσονται.

385 969 553 1018 ταῦτα
576 965 632 1017 δὲ
659 964 708 1017 οἱ
746 968 1055 1033 στρατιῶται
1084 964 1137 1017 ἔν
1156 968 1227 1035 νῷ
1251 961 1447 1031 ἔχοντες
1470 959 1738 1029 Σολόμωνι
1772 961 1914 1014 εἴκειν
1940 959 2032 1013 οὐκ
2057 958 2220 1033 ᾤοντο

381 1054 569 1119 χρῆναι
607 1048 674 1102 τὰ
707 1051 980 1102 Βανδίλων
1013 1049 1182 1120 χωρία
1216 1047 1267 1110 ἕς
1301 1068 1357 1100 τε
1390 1046 1449 1101 τὸ
1484 1043 1731 1115 δημόσιον
1759 1047 1844 1099 καὶ
1879 1047 1931 1107 ἐς
1954 1045 2044 1098 τὸν
2065 1050 2254 1112 βασι-1

385 1137 513 1195 λέως
540 1132 676 1188 οἶκον
710 1134 941 1187 ἐθέλοντι
971 1130 1415 1203 ἀναγράψασθαι,
1463 1128 1719 1202 φάσκοντί
1741 1151 1796 1184 τε
1820 1127 1891 1193 ὥς
1913 1129 1980 1182 τὰ
2007 1131 2099 1202 μεν
2131 1128 2222 1181 άν-

388 1215 627 1291 δράποδα
661 1221 745 1271 καὶ
786 1218 852 1271 τὰ
885 1217 1020 1271 ἄλλα
1059 1215 1231 1271 πάντα
1265 1213 1510 1288 χρήματα
1538 1224 1648 1278 τοῖς
1684 1211 2023 1286 στρατιώταις
2048 1215 2098 1276 ἐς
2129 1210 2227 1267 λά-

328 1309 366 1352 C
397 1325 538 1374 φυρα
583 1303 709 1356 ἴέναι
744 1301 839 1356 οὐκ
876 1302 1078 1364 ἀπεικὸς
1114 1300 1270 1367 εἶναι,
1315 1306 1410 1371 γῆν
1444 1299 1616 1369 μέντοι
1658 1299 1820 1369 αὐτὴν
1844 1304 2051 1368 βασιλεῖ
2067 1319 2121 1352 τε
2143 1299 2227 1351 καὶ

208 1395 254 1437 H
290 1395 371 1440 143
393 1394 457 1460 τῇ
476 1386 741 1456 Ῥωμαίων
767 1386 900 1460 ἀρχῇ
920 1383 1210 1459 προσήκειν,
1241 1384 1372 1456 ἥπερ
1396 1385 1585 1448 αὐτοὺς
1610 1385 1860 1458 ἐξέθρεψέ
1879 1406 1934 1439 τε
1956 1386 2039 1438 καὶ
2065 1404 2227 1454 στρα-

386 1471 576 1536 τιώτας
613 1474 890 1527 καλεῖσθαί
922 1494 974 1526 τε
1006 1474 1091 1526 καὶ
1129 1470 1254 1526 εἶναι
1286 1472 1580 1540 πεποίηκεν,
1627 1470 1720 1524 οὐκ
1745 1470 1833 1542 ἐφ’
1862 1463 1903 1543 ᾧ
1928 1470 2103 1541 σφίσιν
2130 1467 2254 1525 av’-l

385 1567 494 1620 τοῖς
530 1557 595 1612 τὰ
633 1558 802 1629 χωρία
842 1555 1207 1627 κεκτήσονται,
1266 1554 1364 1611 ὅσα
1402 1554 1466 1610 ἂν
1505 1553 1807 1627 βαρβάρους
1831 1551 2227 1622 ἐπιβατεύοντας

386 1649 480 1711 τῆς
508 1641 772 1712 Ῥωμαίων
812 1646 1077 1711 βασιλείας
1113 1642 1384 1715 ἀφέλοιντο
1403 1681 1420 1708 ,
1467 1641 1590 1695 ἀλλ’
1629 1640 1720 1712 ἐφ’
1748 1634 1790 1714 ᾧ
1815 1642 1866 1703 ἐς
1888 1640 1948 1693 τὸ
1981 1637 2228 1709 δημόσιον

386 1733 555 1783 ταῦτα
586 1728 737 1793 ἰέναι,
784 1727 910 1782 ὅθεν
937 1730 1082 1800 σφίσι
1112 1749 1167 1782 τε
1206 1727 1469 1795 ξυμβαίνει
1503 1728 1587 1779 καὶ
1614 1735 1722 1789 τοῖς
1744 1725 1917 1788 ἄλλοις
1946 1723 2108 1779 ἅπασι
2134 1724 2229 1786 τὰς

388 1813 610 1881 σιτήσεις
636 1813 955 1881 κομίζεσθαι.
1045 1812 1178 1882 αὕτη
1201 1813 1295 1880 μὲν
1320 1817 1413 1880 τῆς
1437 1808 1666 1874 στάσεως
1689 1813 1827 1864 αι’τία
1850 1811 2096 1874 ξυνέπεσε.
2143 1810 2228 1863 καὶ

390 1897 568 1970 ἑτέραν
592 1898 652 1952 δέ
671 1919 783 1951 τινα
808 1897 1092 1968 ξυνηνέχθη
1119 1897 1357 1966 γενέσθαι
1381 1894 1605 1962 τοιάνδε,
1651 1895 1683 1964 ἢ
1712 1897 1859 1950 οὐδέν
1883 1917 1932 1949 τι
1952 1888 2113 1964 ’ἧσσον
2124 1935 2141 1960 ,
2187 1895 2254 1948 eli

388 1983 462 2051 μὴ
488 1986 572 2037 καὶ
590 1988 806 2052 μᾶλλον,
854 1980 1062 2037 ἅπαντα
1086 1974 1395 2052 ξυνταράξαι
1417 1981 1483 2034 τὰ
1506 1982 1559 2035 ἐν
1578 1979 1763 2053 Λιβύῃ
1786 1977 2064 2052 πράγματα
2084 1980 2231 2049 ἴσχυ-

391 2087 493 2121 σεν.
582 2069 635 2122 ἐν
661 2074 735 2141 τῷ
762 2065 1026 2135 Ῥωμαίων
1055 2067 1387 2139 στρατοπέδῳ
1414 2071 1508 2134 τῆς
1528 2065 1722 2136 Ἀρείου
1758 2064 1910 2134 δόξης
1949 2065 2044 2134 οὐχ
2070 2058 2230 2134 ἧσσον

327 2164 369 2207 D
398 2150 431 2220 ἢ
455 2153 651 2220 χιλίους
674 2149 995 2222 στρατιώτας
1020 2150 1146 2206 εἶναι
1173 2151 1433 2215 ξυνέπεσεν
1451 2168 1463 2180 ·
1510 2143 1582 2205 ὧν
1605 2150 1669 2220 δὴ
1693 2151 1742 2205 οἳ
1767 2152 1946 2206 πολλοὶ
1971 2148 2232 2221 βάρβαροι

392 2231 526 2305 ἦσαν
554 2240 640 2291 καὶ
671 2237 843 2291 αὐτῶν
886 2258 1017 2300 τινες
1049 2239 1103 2291 ἐκ
1130 2242 1223 2297 τοῦ
1259 2234 1516 2308 Ἐρούλων
1546 2234 1749 2299 ἔθνους.
1835 2233 2052 2297 τούτους
2092 2236 2156 2304 δὴ
2182 2234 2231 2289 οἷ

511 2387 579 2430 10.
610 2383 658 2437 ἐς
694 2384 780 2430 τόν
818 2384 916 2428 HL.
973 2382 1023 2436 ἐς
1049 2400 1130 2429 om.
1160 2386 1213 2431 P.
1357 2386 1430 2431 21.
1470 2383 1784 2445 ξυνταροὶξαι]
1823 2384 2232 2444 ,,ξυνταράξασθαι

508 2445 654 2499 Reg.“
695 2443 844 2487 MALT.
884 2441 960 2486 Sic
987 2443 1125 2487 LHm.

394 2576 569 2627 tumque
598 2584 711 2614 nunc
740 2584 948 2629 exequar.
1006 2569 1237 2629 Postquam
1269 2571 1365 2615 acie
1393 2571 1480 2614 susi
1508 2576 1608 2615 sunt
1637 2569 1852 2624 Vandali,
1881 2570 2254 2628 quemadmodum·

393 2641 527 2684 supra
556 2628 838 2678 narravimus,
868 2643 1015 2671 eorum
1045 2629 1155 2672 filias
1185 2636 1318 2686 atque
1350 2642 1505 2672 uxores
1535 2629 1579 2671 in
1614 2629 1919 2671 matrimonium
1947 2628 2125 2671 Romani
2154 2629 2254 2671 mi-'1

391 2684 492 2726 lites
525 2684 750 2728 duxerunt.
812 2686 924 2728 Tum
954 2686 1091 2730 virum
1121 2700 1323 2743 quaeque
1349 2700 1470 2729 suum
1503 2685 1715 2743 instigare
1743 2685 1799 2729 ad
1828 2686 2102 2742 occupandas
2131 2699 2254 2742 pos-¹

391 2741 630 2792 sessiones,
681 2756 790 2798 quas
841 2743 964 2799 ipsae
1007 2743 1127 2800 prius
1172 2748 1399 2786 tenuerant
1424 2774 1439 2796 ‚
1479 2757 1574 2786 cum
1628 2743 1824 2786 dicerent
1872 2742 2058 2798 iniquum
2110 2726 2254 2799 essejdl

392 2801 482 2839 tum
513 2811 562 2840 se
591 2798 672 2840 illis
703 2800 890 2854 potitas,
925 2814 1018 2843 cum
1045 2806 1189 2843 essent
1219 2800 1506 2843 Vandalorum
1538 2800 1770 2856 coniugem
1809 2800 1892 2843 iam
1921 2813 2024 2842 vero
2057 2799 2244 2842 Vanda-’

392 2854 528 2909 lorum
558 2855 793 2898 victoribus
822 2858 1029 2900 connubio
1058 2857 1251 2909 iunctas,
1294 2872 1319 2902 e
1356 2857 1448 2901 suis
1488 2857 1634 2900 fundis
1663 2857 1896 2902 exturbari.
1951 2856 2032 2899 His
2062 2855 2254 2900 inducti-

391 2911 577 2966 milites‚
622 2913 862 2965 Salomoni,
903 2915 1192 2957 vandalorum
1233 2915 1413 2970 praedia
1450 2914 1606 2972 partim
1645 2913 1691 2956 in
1719 2914 1962 2970 publicum,
1999 2913 2154 2970 partim
2184 2913 2254 2956 im

391 2967 539 3010 fiscum
570 2969 771 3024 redigere
799 2970 988 3023 volenti,
1020 2971 1229 3014 obsistere
1259 2977 1528 3023 statuerunt,
1557 2985 1694 3026 neque
1722 2970 1874 3012 audire
1905 2969 2132 3022 dicentem,
2162 2969 2254 3013 ἰιιω1

335 3052 337 3055 -
393 3038 443 3066 re
472 3024 640 3080 quidem
672 3041 722 3069 ac
751 3025 902 3069 merito
933 3027 1128 3083 captivos
1162 3028 1470 3085 pecuniamque
1498 3041 1658 3070 omnem
1687 3027 1811 3069 militi
1840 3026 1884 3067 in
1923 3027 2126 3082 praedam
2156 3036 2254 3070 oe··¹

396 3081 524 3134 dere,
570 3095 698 3137 agros
730 3090 871 3125 autem
900 3084 955 3126 ad
984 3085 1288 3140 Imperatorem
1320 3085 1634 3141 Imperiumque
1663 3083 1894 3125 Romanum
1933 3084 2171 3140 pertineree
2202 3091 2254 3127 ai

394 3152 479 3194 quo
511 3139 714 3191 enutriti,
756 3154 836 3182 nec
865 3139 972 3182 dicti
1005 3145 1139 3184 solum
1169 3145 1314 3184 essent
1343 3143 1522 3194 milites,
1564 3153 1710 3183 verum
1742 3140 1867 3182 etiam
1897 3139 2115 3192 instituti,
2145 3135 2254 3183 non‘¹

392 3200 442 3237 ut
470 3195 759 3251 possessiones
786 3196 1056 3249 invaderent,
1086 3197 1277 3241 Romano
1309 3197 1493 3255 Imperio
1523 3211 1550 3239 a
1577 3197 1784 3240 Barbaris
1808 3211 1890 3253 per
1923 3198 2009 3240 vim
2039 3203 2254 3253 ereptam}

393 3251 471 3293 sed
500 3259 549 3294 ut
578 3252 745 3295 aerario
775 3253 1076 3308 restituerent,
1107 3255 1221 3296 unde
1249 3254 1334 3310 ipsi
1363 3253 1613 3309 caeterique
1640 3267 1783 3296 omnes
1814 3255 2041 3296 alerentur.
2101 3254 2254 3307 Sedi--J

394 3307 526 3351 tionis
556 3310 664 3352 haec
694 3323 824 3352 causa
853 3309 1013 3352 extitit.
1073 3310 1269 3353 Accessit
1298 3311 1463 3362 altera,
1493 3325 1605 3365 quae
1634 3325 1716 3353 non
1747 3310 1925 3362 minori,
1968 3310 2091 3353 immo
2124 3319 2254 3353 veros·

396 3366 546 3409 maiori
588 3365 631 3409 vi
674 3367 718 3409 iu
763 3365 913 3409 Africa
951 3375 1110 3410 cuncta
1147 3366 1332 3412 miscuit.
1398 3367 1538 3410 Erant
1578 3369 1691 3410 forte
1732 3368 1775 3410 in
1831 3367 1983 3410 castris
2024 3367 2254 3411 Romanis-1.

395 3422 545 3466 Ariani
585 3423 742 3468 milites
784 3423 934 3467 saltem
979 3423 1121 3468 mille:
1163 3437 1249 3481 quo
1286 3423 1332 3467 in
1374 3437 1547 3468 numero
1586 3423 1708 3469 multi
1750 3424 1958 3468 Barbari:
1997 3423 2112 3469 inter
2149 3424 2226 3467 hos
2242 3475 2254 3491 ,Ι
