2254 3814
364 177 483 233 502
1103 172 1437 228 PROCOPII

305 331 342 373 C
371 313 547 389 Κῦρός
584 337 637 369 τε
671 317 753 369 καὶ
776 313 1010 386 Σέργιος,
1057 315 1106 369 οἳ
1127 309 1334 382 Βάκχου
1373 318 1465 367 τοῦ
1491 309 1794 381 Σολόμωνος
1815 311 2039 384 ἀδελφοῦ
2065 322 2184 367 παΐ-

369 407 480 465 δες,
517 398 708 454 πόλεων
743 406 846 454 τῶν
881 402 932 454 ἐν
957 397 1139 471 Λιβύῃ
1170 399 1298 470 πρὸς
1318 399 1565 464 βασιλέως
1604 398 1773 469 ἄρχειν
1796 397 2002 467 ἔλαχον,
2045 403 2186 452 Hev-

365 484 624 547 ταπόλεως
659 486 752 553 μὲν
793 483 819 538 ὅ
860 488 1036 557 Κῦρος
1068 483 1095 538 ὃ
1129 481 1496 555 πρεσβύτερος,
1545 481 1837 550 Τριπόλεως
1871 485 1927 536 δὲ
1961 484 2181 553 Σέργιος.

371 567 702 640 ΖΡΙαυρούσιοι
731 571 787 623 δὲ
810 570 858 624 οἳ
878 568 1129 624 Λευάθαι
1151 566 1448 638 καλούμενοι
1472 574 1677 642 στρατῷ
1696 562 1897 642 μεγάλῳ
1920 570 1970 631 ἐς
1982 574 2184 623 Λεπτι-

366 653 562 725 μάγναν
601 653 746 708 πόλιν
778 655 907 725 παρ’
948 655 1105 709 αὐτὸν
1133 656 1334 720 ἵκοντο,
1381 655 1770 723 ἔπιθρυλοῦντες
1797 650 1874 706 ὅτι
1906 654 1970 722 δὴ
1998 652 2229 708 τούτου5

368 741 507 793 ἕνεκα
546 737 710 807 ἥκοιεν
726 782 742 806 ,
789 739 926 804 ὅπως
959 738 987 795 ὅ
1016 740 1223 811 Σέργιος
1250 742 1391 811 δῶρα
1417 741 1500 792 καὶ
1525 736 1756 807 ξύμβολα
1784 740 1927 809 σφίσι
1949 740 2013 792 τὰ
2045 762 2191 800 νομι-

367 823 548 894 ζόμενα
574 825 696 888 δοὺς
718 825 810 894 τὴν
835 823 1034 897 εἰρήνην
1055 822 1378 897 κρατῦνηται.
1425 824 1631 896 Σέργιος
1652 825 1708 877 δὲ
1731 825 2030 897 Πουδεντίῳ
2061 824 2191 878 ἀνα-

366 911 592 972 πεισθεὶς
619 913 900 983 Τριπολίτῃ
931 911 1105 981 ἀνδρὶ,
1144 903 1298 979 οὗπερ
1322 911 1373 963 ἓν
1399 918 1506 972 τοῖς
1530 908 1823 981 ἔμπροσθεν
1848 906 2017 979 λόγοις
2038 907 2193 979 ε’μνῆ-

366 1002 505 1064 σθην
519 1036 535 1062 ,
584 994 671 1049 ἅτε
692 996 809 1049 κατ’
839 996 1000 1066 ἀρχὰς
1022 1001 1114 1050 τοῦ
1139 998 1447 1048 Βανδιλικοῢ
1473 995 1696 1063 πολέμου
1723 994 2062 1068 Ἰουστινιανῷ
2089 1001 2190 1062 βα-

365 1086 494 1135 σιλεΐ
528 1081 607 1133 ἐπὶ
642 1083 930 1144 Βανδίλους
966 1077 1406 1152 ὑπηρετήσαντος,
1453 1077 1762 1150 ὀγδοήκοντα
1798 1080 1891 1146 μὲν
1927 1085 2030 1134 τῶν
2056 1085 2228 1151 βαρ-1

294 1184 333 1232 1)
362 1163 540 1237 βάρων
578 1166 699 1229 τούς
734 1164 960 1234 μάλιστα
988 1167 1230 1232 δοκίμους
1253 1171 1316 1236 τῇ
1341 1156 1480 1218 πόλει
1505 1165 1738 1230 ἐδέξατο,
1784 1163 1986 1218 ἅπαντα
2027 1166 2191 1218 ἔπιτε-

369 1251 528 1303 λέσειν
559 1247 905 1317 ὑποσχόμενος
936 1249 1001 1303 τὰ
1038 1246 1310 1318 αῗτούμενα
1325 1290 1342 1315 ,
1386 1249 1508 1311 τοὺς
1540 1249 1596 1301 δὲ
1632 1247 1817 1312 ἄλλους
1846 1250 1898 1303 ἓν
1925 1255 1998 1323 τῷ
2029 1271 2192 1321 προα-

370 1336 518 1408 στείῳ
540 1335 703 1409 μένειν
729 1334 965 1391 ἐκέλευσε.
1055 1331 1257 1397 τούτοις
1282 1333 1345 1403 δὴ
1373 1342 1482 1396 τοῖς
1504 1330 1816 1404 ὀγδοήκοντα
1843 1335 2033 1397 πίστεις
2060 1334 2192 1407 ἀμφὶ

367 1425 433 1492 τῇ
483 1417 655 1491 εἰρήνῃ
697 1418 1084 1491 παρασχόμενος
1120 1417 1255 1474 οῧτω
1303 1418 1365 1487 δὴ
1403 1418 1590 1482 αὖτοὺς
1642 1419 1722 1472 ἐπὶ
1759 1421 1942 1489 θοίνην
1974 1417 2189 1474 ἐκάλεσε.

369 1501 587 1567 τούτους
624 1505 680 1557 δὲ
714 1506 910 1575 λέγουσι
938 1505 1058 1567 τοὺς
1083 1501 1385 1576 βαρβάρους
1408 1510 1479 1578 νῷ
1504 1505 1696 1578 δολερῷ
1723 1504 1775 1559 ἒν
1799 1510 1862 1577 τῇ
1891 1501 2031 1559 πόλει
2056 1506 2189 1576 γενέ-
2207 1515 2229 1560 1

366 1595 527 1656 σθαι,
574 1587 711 1652 ὅπως
748 1591 955 1663 Σέργιον
993 1587 1370 1661 ἐνεδρεύσαντες
1407 1590 1676 1644 κτείνωσιν.
1763 1587 1932 1659 ἐπειδή
1970 1612 2023 1644 τε
2051 1590 2192 1664 αὐτῷ

364 1675 416 1738 ἐς
437 1673 617 1745 λόγους
641 1669 807 1743 ἦλθον
821 1718 837 1743 ,
886 1676 1017 1730 ἄλλα
1042 1697 1096 1729 τε
1125 1673 1391 1744 Ῥωμαίοις
1417 1672 1679 1728 ἐνεκάλουν
1703 1671 1993 1745 ἐγκλήματα
2019 1678 2102 1728 καὶ
2127 1676 2191 1730 τὰ

362 1757 482 1828 λήια
518 1762 691 1832 σφίσιν
730 1761 789 1815 οὗ
826 1762 941 1815 δέον
967 1765 1180 1834 δῃῶσαι.
1265 1758 1394 1831 ἅπερ
1421 1758 1447 1814 ὃ
1472 1759 1680 1830 Σέργιος
1706 1761 1758 1813 ἓν
1782 1759 1962 1836 ἀλογία
1983 1782 2192 1830 πεποιη-

361 1845 542 1914 μένος,
590 1846 644 1899 ἐκ
670 1852 762 1900 τοῦ
787 1845 997 1919 βάθρου
1029 1845 1339 1911 ἐξαναστὰς,
1388 1844 1474 1916 ἐφ’
1503 1838 1656 1915 οὗπερ
1683 1850 1911 1914 καθῆτο,
1953 1843 2189 1912 ἐβούλετο

363 1927 806 1988 ἀπαλλάσσεσθαι.
899 1933 988 1986 καί
1019 1952 1096 1994 τις
1149 1930 1308 1984 αὐτοῦ
1345 1936 1448 1983 τῶν
1483 1927 1766 2000 βαρβάρων
1809 1936 1900 1999 τῆς
1938 1932 2192 1998 ἐπωμίδος

187 2032 222 2076 Ρ
254 2032 337 2076 283
366 2013 650 2084 λαβόμενος
672 2018 893 2087 ἐνεχείρει
922 2019 970 2071 οἳ
995 2011 1235 2085 ἐμπόδιος
1259 2013 1397 2071 εἶναι.
1477 2014 1529 2077 ἴς
1550 2036 1602 2068 τε
1625 2013 1860 2087 θόρυβον
1886 2013 2073 2069 ἐνθάδε
2099 2038 2196 2069 κα-

366 2097 643 2163 ταστάντες
669 2102 718 2155 οἳ
741 2101 885 2156 ἄλλοι
913 2101 1049 2174 ἀμφ’
1080 2100 1236 2156 αὐτὸν
1256 2100 1356 2170 ἤδη
1385 2099 1664 2173 ξυνέρρεον.
1752 2105 1855 2154 τῶν
1886 2099 1946 2154 δέ
1963 2122 2040 2164 τις
2064 2106 2194 2173 Σερ-

481 2250 522 2293 1.
551 2249 734 2305 Κῦρος]
771 2251 940 2294 Curtius
968 2250 1075 2294 RV:
1105 2250 1180 2293 sed
1210 2254 1329 2294 recte
1357 2248 1485 2296 infra.
1598 2250 1706 2294 ibid.
1736 2247 1940 2307 Βάκχου]
1968 2249 2110 2308 βόχου
2139 2253 2191 2295 Α.

480 2307 646 2349 Bacchi
677 2307 771 2349 RV.
942 2307 984 2351 4.
1023 2305 1263 2361 Λευᾶθαι]
1293 2307 1540 2363 Legebntur
1569 2304 1824 2352 Λευκάθαι.
1993 2309 2035 2351 5.
2068 2309 2192 2352 ’ἵκον-

483 2364 564 2419 το]
610 2359 782 2420 ἥκοντα
819 2363 875 2406 V.
1048 2366 1150 2407 ibid.
1197 2362 1583 2420 ἔπιθρυλοῦντες]
1626 2365 1766 2420 Vulgo
1797 2363 2192 2423 ἐπιθρυλλοῦντες.

481 2423 523 2466 7.
565 2422 856 2477 Πουδεντίῳ]
886 2422 1113 2477 ποδεντίῳ
1144 2421 1195 2471 V.
1373 2423 1439 2466 17.
1480 2419 1723 2466 ἐνεκάλουν
1750 2420 1802 2468 V.
1860 2419 2113 2469 ἐπεκάλουν
2140 2425 2191 2467 Ρ.

484 2479 550 2523 18.
582 2479 787 2537 δῃῶσαι]
816 2480 1013 2535 δηϊῶσαι
1037 2480 1130 2523 PV.
1247 2480 1316 2526 19.
1347 2475 1567 2538 βάθρου]
1593 2476 1837 2539 βαράθρου
1866 2480 1960 2525 AV.

368 2618 556 2671 Bacchi,
595 2620 744 2663 fratris
773 2621 1039 2675 Salomonis,
1081 2621 1295 2679 praefecit
1321 2620 1494 2665 urbibus
1522 2620 1720 2673 Africae3
1769 2620 1998 2678 Pentapoli
2025 2621 2191 2678 quidem

370 2676 527 2731 Cyrum
557 2678 750 2721 maiorem
775 2686 891 2731 natu,
922 2678 1092 2736 Tripoli
1120 2693 1224 2721 vero
1253 2678 1464 2735 Sergium.
1522 2678 1586 2722 Ad
1621 2679 1746 2732 hunc,
1776 2692 1869 2721 curn
1896 2678 1940 2720 in
1970 2679 2076 2721 urbe
2106 2679 2194 2721 Le·
2224 2716 2238 2729 ,

368 2731 588 2788 ptimagna
616 2735 807 2790 degeret,
834 2736 985 2780 armati
1014 2751 1163 2792 magno
1193 2750 1364 2779 numero
1395 2749 1553 2778 venere
1575 2734 1734 2787 Mauri,
1767 2737 1839 2793 qui
1859 2735 2058 2778 dicuntur
2080 2737 2195 2779 Leu-

369 2791 547 2843 catliae,
589 2798 842 2847 spargentes
878 2793 921 2836 in
952 2795 1128 2850 vulgus,
1167 2806 1215 2835 se
1242 2794 1297 2836 ob
1329 2807 1420 2836 eam
1458 2804 1627 2835 causam
1656 2792 1833 2844 adesse,
1875 2797 1922 2836 ut
1951 2793 2005 2835 ab
2034 2793 2190 2848 Sergio

369 2859 544 2889 munera
572 2862 624 2890 ac
653 2850 920 2905 principatus
948 2850 1133 2906 insignia
1163 2854 1366 2893 consueta
1394 2849 1663 2906 acciperent,
1710 2850 1856 2906 itaque
1886 2864 1969 2906 pax
2000 2851 2192 2892 sancire-

366 2907 450 2945 tur.
519 2905 576 2945 At
607 2905 812 2960 Sergius,
859 2907 913 2950 de
954 2906 1165 2951 sententia
1206 2906 1409 2950 Pudentii
1438 2906 1726 2962 Tripolitani,
1773 2920 1896 2962 quem
1939 2906 2060 2948 initio
2091 2905 2191 2951 belli

365 2959 591 3002 Vandalici
619 2962 854 3015 Iustiniano
884 2966 994 3020 Aug.
1021 2978 1193 3021 operam
1223 2964 1428 3007 adversus
1448 2963 1663 3006 Vandalus
1691 2976 1870 3006 navasse
1897 2962 1942 3004 in
1970 2963 2193 3019 superiore

365 3015 475 3058 libro
527 3019 872 3073 commemoravi,
933 3022 1176 3076 octoginta,
1231 3021 1305 3072 qui
1358 3021 1470 3063 inter
1510 3021 1723 3062 Barbaros
1759 3019 1854 3061 illos
1894 3018 2191 3075 spectatissimi

366 3077 518 3125 erant,
545 3073 591 3116 in
623 3077 768 3118 urbem
797 3078 990 3133 accepit,
1029 3078 1134 3121 satis
1162 3092 1211 3123 se
1238 3078 1449 3122 facturum
1479 3075 1692 3133 pollicitus
1720 3075 1909 3118 omnibus
1939 3077 2186 3131 postulatis3

365 3135 562 3173 caeteros
591 3130 635 3173 in
663 3132 878 3176 suburbiis
907 3149 1077 3177 manere
1111 3134 1248 3177 iussit.
1306 3135 1389 3177 His
1417 3131 1635 3188 octogenis
1663 3133 1749 3174 fide
1777 3132 1879 3175 data
1908 3134 1990 3175 vim
2020 3134 2192 3175 abfutu-

363 3200 469 3238 rum,
499 3189 668 3231 eosdem
699 3189 753 3231 ad
783 3191 932 3245 epulas
958 3190 1183 3233 invitavit:
1217 3205 1322 3246 quos
1351 3205 1454 3234 sane
1482 3189 1754 3232 fraudulento
1784 3189 1920 3232 animo
1951 3191 2094 3232 urbem
2122 3203 2191 3232 es-

370 3257 418 3286 se
445 3244 659 3299 ingressos
688 3247 844 3298 ferunt,
878 3253 926 3289 ut
954 3247 1150 3302 Sergium
1175 3247 1378 3290 insidiose
1407 3247 1677 3303 perimerent.
1734 3246 1823 3289 Ubi
1850 3253 2021 3289 ventum
2051 3253 2119 3289 est
2146 3246 2189 3287 in

371 3300 646 3356 colloquium,
698 3317 790 3346 cum
818 3302 903 3346 alia
930 3304 1129 3347 Romanis
1158 3304 1432 3355 obiecerunt,
1474 3308 1563 3345 tum
1590 3303 1776 3358 iniquam
1805 3317 1971 3346 suarum
2001 3310 2189 3359 segetum
2230 3305 2234 3342 ,ἓ

370 3358 697 3413 populationem.
756 3360 878 3411 Quae
906 3375 1008 3404 naso
1038 3360 1297 3416 suspendens
1327 3360 1534 3415 Sergius,
1564 3375 1588 3401 e
1616 3360 1739 3402 sedili
1769 3361 1953 3403 surrexit
1980 3374 2080 3411 su0,
2110 3375 2190 3402 vo·
2231 3374 2234 3390 ³

369 3413 533 3470 luitque
562 3417 695 3459 abire.
755 3418 856 3460 Mox
887 3433 911 3460 e
939 3418 1141 3460 Barbaris
1170 3418 1357 3474 quidam,
1388 3417 1590 3459 humerali
1621 3416 1709 3459 eius
1740 3425 1924 3474 arrepto,
1954 3417 2090 3473 ipsum
2119 3431 2188 3458 re-

370 3475 538 3515 tentare
569 3472 731 3517 nititur.
794 3475 879 3517 lam
920 3475 960 3518 ei
998 3475 1439 3519 circumfundebantur
1482 3473 1607 3516 etiam
1636 3474 1822 3527 caeteri,
1868 3475 2187 3526 tumultuantes,
2228 3503 2231 3518 ,ι
