2150 3834
242 210 318 267 10
978 210 1314 265 PROCOPIL

268 501 284 524 Ι

234 528 299 559 α.
390 471 497 561 Π
491 501 726 577 ροκόπιος
771 506 1064 577 Καισαρεὺς
1107 506 1227 571 τοὺς
1265 505 1517 576 πολέμους
1552 505 1892 578 ξυνέγραψεν,
1963 503 2051 569 οὓς

226 589 579 654 Ἰουστινιανός
599 589 625 644 ὅ
654 589 914 659 Ῥωμαίων
933 593 1173 660 βασιλεῦς
1196 593 1324 664 πρὸς
1359 589 1659 663 βαρβάρους
1689 589 1909 661 διήνεγκε
1933 588 2052 652 τούς

231 696 284 728 τε
308 673 465 748 ἔῴους
494 678 579 729 καὶ
618 674 906 746 ἑσπερίους,
953 675 1022 740 ὥς
1059 700 1128 746 πη
1168 678 1339 731 αὐτῶν
1374 675 1568 750 ἑκάστῳ
1602 677 1885 746 ξυνηνέχθη
1918 676 2053 747 γενέ-

111 768 145 809 P
177 771 204 813 6
233 763 390 825 σθαι,
436 758 506 823 ὥς
529 760 603 831 μὴ
630 759 751 831 ἔργα
776 759 1093 833 ὗπερμεγὲθη
1126 760 1153 816 ὅ
1174 762 1332 834 μέγας
1361 762 1486 816 αῗών
1508 758 1660 831 λόγου
1688 761 1853 832 ἔρημα
1869 783 2053 832 χειρω-

232 842 450 912 σάμενος
486 851 551 917 τῇ
589 867 644 899 τε
677 844 818 918 λήθῃ
855 847 987 901 αὐτὰ
1021 845 1373 918 καταπρόηται
1395 849 1480 900 καὶ
1504 843 1826 900 παντάπασιν
1852 847 2095 914 ε’ξίτηλα5

232 935 412 998 θῆται,
451 923 616 1001 ὧνπερ
642 931 737 1000 τὴν
755 929 960 1002 μνήμην
983 932 1138 996 αὐτὸς
1171 932 1295 1006 ᾤετο
1315 932 1446 1003 με’γα
1467 953 1517 986 τι
1549 930 1762 986 ἔσεσθαι
1785 932 1868 984 καὶ
1887 935 2056 994 ξυνοῖ-

234 1035 327 1069 σον
346 1017 397 1079 ἔς
421 1016 487 1071 τὰ
519 1014 744 1085 μάλιστα
783 1026 890 1080 τοῖς
912 1040 966 1071 τε
986 1024 1077 1071 νῦν
1110 1012 1224 1072 οὖσι
1249 1021 1334 1072 καὶ
1359 1025 1467 1079 τοῖς
1501 1018 1552 1079 ἒς
1569 1016 1628 1070 τὸ
1652 1015 1822 1070 ἔπειτα
1846 1036 2056 1086 γενησο-

234 1100 432 1168 μένοις,
479 1101 532 1155 εἶ’
559 1123 680 1156 ποτε
703 1104 788 1155 καὶ
827 1097 984 1166 αὖθις
1007 1100 1034 1157 ὃ
1053 1099 1240 1174 χρόνος
1277 1104 1329 1166 ἐς
1354 1101 1535 1170 ὁμοίαν
1557 1101 1671 1156 τινὰ
1696 1101 1818 1163 τοὺς
1843 1098 2056 1171 ἀνθρώ-

235 1208 366 1249 πους
398 1183 619 1257 ἀνάγκην
653 1189 915 1247 διωθοῖτο.
1002 1197 1111 1252 τοῖς
1134 1210 1187 1243 τε
1210 1188 1307 1259 γὰρ
1345 1189 1731 1257 πολεμησείουσι
1768 1189 1852 1239 καὶ
1890 1186 2058 1248 ἄλλως

235 1270 622 1341 ἀγωνιουμένοις
650 1271 822 1342 ὄνησίν
859 1295 972 1327 τινα
995 1274 1348 1345 ἐκπορίζεσθαι
1382 1275 1464 1328 0*ιά
1490 1273 1546 1327 τέ
1571 1274 1706 1327 ε’στιν
1733 1269 1764 1340 ἦ
1789 1276 1881 1340 τῆς
1900 1273 2054 1342 ἐμφε-
2075 1277 2129 1323 10

235 1362 358 1428 ροῠς
378 1358 606 1428 ἱστορίας
636 1359 893 1424 ἐπίδειξις,
940 1357 1375 1414 ἀποκαλύπτουσα
1405 1359 1500 1427 μὲν
1527 1357 1625 1427 ὅπη
1649 1357 1772 1412 ποτὲ
1801 1366 1909 1419 τοῖς
1930 1378 2060 1427 προ-

232 1443 573 1512 γεγενημένοις
610 1443 677 1496 τὰ
712 1449 805 1512 τῆς
847 1441 1027 1511 ὁμοίας
1061 1443 1280 1514 ἀγωνίας
1312 1441 1590 1514 ἔχώρησεν,
1639 1443 1963 1510 αῗνισσομένη
2003 1441 2060 1494 δὲ

233 1525 416 1581 ὁποίαν
441 1527 550 1581 τινὰ
586 1528 822 1596 τελευτὴν
849 1537 955 1590 τοῖς
979 1549 1032 1598 γε
1056 1527 1125 1590 ὥς
1150 1528 1337 1600 ἄριστα
1369 1526 1759 1596 βουλευομένοις
1780 1527 1844 1580 τὰ
1867 1523 2061 1596 παρόν-
2140 1543 2142 1546 ·

166 1619 203 1661 Β
234 1633 329 1678 τα,
374 1609 444 1674 ὥς
463 1612 523 1665 τὸ
553 1611 711 1678 εἰκὸς,
757 1613 867 1675 ἕξει.
953 1614 1043 1667 καί
1061 1614 1111 1667 οἱ
1130 1613 1270 1688 αὐτῷ
1307 1613 1647 1683 ξυνηπίστατο
1678 1609 1883 1666 πάντων
1906 1609 2062 1679 μᾶλιέ

53 1705 87 1746 V
118 1705 204 1749 226
234 1718 332 1751 στα
361 1697 581 1760 δυνατὸς
606 1696 677 1751 ὢν
699 1694 820 1751 τάδε
842 1695 1131 1768 ξυγγράψαι
1155 1697 1274 1753 κατ’
1302 1698 1427 1751 ἄλλο
1451 1699 1545 1766 μὲν
1567 1697 1742 1763 οὐδὲν,
1782 1695 1860 1751 ὅτι
1886 1698 1942 1750 δὲ
1963 1695 2059 1749 αὖ·
2076 1705 2150 1763 15ΙῚ

230 1788 304 1856 τῷ
339 1779 614 1855 ξυμβοῦλῳ
651 1780 890 1856 ᾑρημένῳ
932 1785 1219 1857 Βελισαρίῳ
1255 1789 1330 1856 τῷ
1359 1788 1629 1856 στρατηγῷ
1653 1779 1834 1851 σχεδόν
1853 1804 1901 1836 τι
1923 1780 2060 1835 ἅπα-
2143 1766 2150 1861 ᾖ

230 1888 281 1922 σι
308 1868 688 1938 παραγενέσθαι
714 1876 822 1930 τοῖς
851 1867 1218 1940 πεπραγμένοις
1249 1867 1499 1932 ξυνέπεσε.
1584 1868 1790 1939 πρέπειν
1817 1889 1870 1920 τε
1893 1864 2058 1937 ἧγεΐτο

228 1954 472 2024 ῥητορικῇ
505 1953 599 2022 μὲν
633 1950 925 2022 δεινότητα,
979 1958 1213 2026 ποιητικῇ
1245 1954 1301 2007 δὲ
1329 1953 1677 2022 μυθοποιίαν,
1717 1956 1981 2024 ξυγγραφῇ
2005 1952 2062 2005 δὲ
2143 1945 2150 1994 ¹³

229 2035 497 2107 ἀλήθειαν.
586 2035 750 2091 ταῦτά
786 2059 866 2091 τοι
911 2038 1032 2092 οὐδέ
1061 2060 1153 2093 του
1186 2044 1291 2093 τῶν
1328 2039 1378 2092 οἱ
1415 2039 1466 2102 ἐς
1506 2037 1634 2107 ἄγαν
1667 2038 1959 2107 ἐπιτηδείων
1994 2036 2061 2090 τοὶ
2139 2046 2150 2107 5'

229 2123 478 2195 μοχθηρὰ
535 2120 898 2196 ἀπεκρύψατο,
960 2123 1091 2178 ἀλλὰ
1154 2123 1221 2179 τὰ
1276 2128 1404 2178 πᾶσι
1455 2122 1815 2192 ξυνενεχθέντα
1870 2123 2058 2176 ἕκαστα
2073 2129 2150 2190 2οὴ

346 2290 391 2334 3.
422 2285 625 2346 ἑκάστῳ]
653 2286 858 2339 ἑκάστοις
882 2290 932 2334 Α.
1045 2287 1087 2333 4.
1119 2286 1144 2335 ὁ
1172 2288 1319 2332 addidi
1340 2304 1395 2333 ex
1412 2290 1463 2336 A.
1577 2292 1619 2335 6.
1649 2287 1736 2345 τήν
1758 2285 1972 2346 μνήμην]
2003 2289 2062 2345 τῇ

344 2344 501 2405 μνήμῃ
527 2348 578 2391 Ρ·
635 2343 720 2400 τήν
745 2344 904 2402 φήμην
934 2346 1030 2403 (γο-
1054 2346 1268 2403 μνήμην)
1299 2348 1353 2393 A·
1521 2347 1566 2391 ⁷·
1594 2346 1641 2398 ἐς
1663 2346 1716 2391 τὰ
1740 2349 1789 2390 Α.
1847 2347 1911 2395 εἰς
1932 2343 1985 2388 τὸ
2010 2347 2060 2388 P·

344 2407 387 2449 9.
419 2407 645 2449 διωθοῖτο
668 2405 719 2448 L.
779 2406 997 2448 διωθεῖτο
1024 2405 1112 2446 Lm.
1173 2401 1391 2448 διάθοιτο
1415 2404 1465 2446 Ρ.
1626 2407 1695 2449 11.
1726 2399 1845 2459 ὅπη]
1878 2400 1988 2447 ὅποι
2008 2405 2060 2445 Α.

347 2463 420 2506 13.
447 2461 828 2519 βουλευομένοις]
857 2459 1152 2518 βουλομένοις
1175 2463 1227 2507 Α.
1400 2462 1468 2506 15.
1500 2458 1788 2517 ξυγγράψαι]
1817 2461 1931 2518 ξυνῆ
1950 2457 2062 2515 γρά-

343 2527 438 2620 fg:
460 2523 517 2619 ιλ.
575 2519 908 2619 ταξῗςέῑιοι-ιιω
930 2516 980 2564 δὲ
1002 2517 1102 2564 add.
1126 2521 1178 2563 A.
1282 2519 1352 2563 19.
1379 2534 1465 2564 του
1492 2520 1611 2576 τῶν]
1640 2517 1819 2564 τούτων
1848 2518 1906 2562 H.
1963 2532 2057 2561 που

228 2719 271 2762 1.
330 2679 597 2773 Procopius
628 2715 922 2760 Caesariensis
951 2716 1088 2769 bella,
1117 2730 1228 2774 quae
1258 2729 1353 2760 cum
1380 2714 1674 2760 Orientalibus
1697 2717 1740 2759 et
1765 2715 1819 2758 ad
1843 2715 2057 2758 occasum

227 2771 383 2830 positis
407 2773 610 2816 Barbaris
641 2780 766 2829 gesta
790 2779 892 2816 sunt
922 2787 948 2815 a
972 2774 1206 2818 Iustiniano
1238 2773 1518 2818 Romanorum
1550 2773 1837 2829 Imperatore,
1865 2771 2058 2827 singula-

226 2830 328 2881 tim,
355 2834 404 2872 ut
428 2844 475 2872 se
496 2843 566 2872 res
590 2831 852 2882 habuerunt,
880 2831 1160 2887 conscripsit:
1189 2845 1244 2873 ne
1275 2836 1496 2888 postquam
1526 2831 1642 2872 facta
1673 2830 1863 2885 ingentia
1890 2828 2057 2884 longin-

226 2901 355 2944 quum
379 2901 526 2930 aevum
547 2887 826 2943 occupaverit
846 2887 958 2930 nuda
982 2887 1195 2943 praesidio
1218 2888 1461 2938 literarum,
1491 2902 1542 2930 ea
1571 2887 1719 2930 tradat
1742 2885 1973 2937 oblivioni,
2004 2900 2056 2928 ac

226 2944 354 3001 plane
377 2944 532 2990 deleat.
591 2944 782 2995 Quorum
803 2943 874 2986 ille
895 2945 1131 2987 memoriam
1154 2944 1296 3000 magni
1319 2945 1412 2988 fore
1433 2943 1630 2987 momenti
1655 2943 1802 2995 duxit,
1833 2949 1878 2985 et
1900 2957 2058 2985 summe

227 3005 316 3044 tum
341 3000 473 3043 aetati
495 3001 594 3043 huic
616 3002 906 3058 profuturam,
938 3005 1023 3043 tum
1049 3002 1318 3058 posteritati;
1346 3002 1382 3044 si
1405 3000 1506 3058 quid
1530 3014 1712 3054 unquam
1736 3001 1946 3055 agendum
1972 2999 2057 3042 erit

224 3058 310 3100 iam
329 3058 438 3100 actis
459 3058 611 3100 simile.
670 3059 782 3100 Nam
810 3064 854 3101 et
875 3057 932 3110 ii,
963 3072 1068 3114 quos
1087 3058 1206 3114 capit
1227 3057 1358 3102 libido
1378 3057 1504 3109 belli,
1535 3063 1581 3100 et
1602 3057 1646 3099 in
1669 3057 1812 3113 primis
1837 3056 1908 3113 qui
1930 3071 2055 3111 prae-

228 3114 288 3157 lia
327 3114 612 3166 meditantur,
657 3114 840 3157 historia
870 3115 962 3158 eius
996 3115 1165 3170 generis
1203 3120 1304 3158 ante
1338 3115 1483 3158 oculos
1521 3113 1662 3181 posita
1683 3113 1825 3156 iuvari
1848 3119 2055 3169 possunt;

228 3186 342 3227 quae
378 3172 475 3214 dum
507 3171 649 3214 exitus
684 3173 968 3224 demonstrat,
999 3171 1073 3228 qui
1104 3171 1396 3226 superioribus
1422 3177 1692 3224 contigerunt
1717 3171 1760 3212 in
1784 3171 1878 3226 pari
1902 3170 2056 3212 discri-

228 3228 364 3281 mine,
392 3228 514 3271 simul
550 3243 689 3272 rerum
721 3229 964 3272 instantium
992 3230 1236 3284 probabiles
1267 3235 1446 3271 eventus
1479 3227 1641 3271 indicat
1672 3227 1830 3283 optime
1861 3225 2055 3269 conside-

227 3285 437 3331 rantibus,
493 3286 603 3328 Illud
639 3302 742 3330 vero
779 3285 944 3328 sciebat
978 3285 1168 3337 Author‚
1197 3285 1443 3328 condendae
1479 3284 1579 3327 huic
1613 3283 1830 3327 Historiae
1857 3283 2054 3327 idoneum

228 3356 277 3385 se
309 3357 406 3386 esse
441 3343 617 3386 maxime
652 3343 857 3393 omnium3
890 3344 943 3385 ob
982 3342 1099 3384 aliud
1134 3346 1254 3385 certe
1280 3342 1410 3395 nihil,
1440 3341 1521 3383 nisi
1550 3341 1675 3398 quia,
1707 3354 1799 3383 cum
1821 3355 1845 3383 a
1868 3340 2054 3384 consiliis

229 3400 361 3444 fuerit
383 3399 593 3444 Belisario
618 3401 753 3451 Duci,
784 3399 990 3455 quidquid
1012 3400 1104 3442 fere
1128 3405 1292 3454 gestum
1320 3404 1387 3441 est
1410 3398 1531 3440 vidit.
1590 3398 1685 3440 Hoc
1716 3398 1842 3440 etiam
1874 3411 2053 3454 persua-

231 3471 324 3500 sum
356 3458 529 3508 habuit,
576 3457 660 3500 arti
692 3457 923 3501 Oratoriae
964 3456 1190 3499 convenire
1221 3455 1526 3512 eloquentiam3
1571 3454 1775 3498 Poeticae
1815 3455 2051 3497 fabularum

232 3516 462 3571 figmenta3
491 3514 709 3561 Historiae
739 3514 979 3559 veritatem.
1041 3513 1187 3567 Quare
1226 3527 1280 3557 ne
1313 3511 1650 3557 amicissimorum
1678 3511 1846 3570 quidem
1873 3515 2051 3569 peccata
