2184 3822
240 195 375 281 136²
978 218 1309 272 PROCOPH

176 371 215 414 D
404 358 500 417 Ἦν
539 383 614 423 τις
661 361 712 414 ἓν
745 359 948 432 Κυζίκῳ
997 359 1264 420 ἐπίσκοπος
1307 358 1551 425 Εὐσέβιος
1591 356 1752 424 ’ὄνομα
1765 397 1781 422 ,
1838 356 2057 424 χαλεπὸς

238 447 398 502 ἅπασι
423 455 527 509 τοῖς
551 442 950 513 ἐντυγχάνουσιν,
990 440 1221 511 Ἰωάννου
1254 443 1400 496 οὐδέν
1424 464 1472 495 τι
1498 435 1686 511 ἧσσον·
1729 446 1911 493 τοῧτον
1946 445 2058 493 Κυ-

240 535 424 602 ζικηνοὶ
464 535 670 598 βασιλεῖ
700 526 1060 595 διαβάλλοντες
1088 529 1138 589 ἒς
1163 529 1304 596 δίκην
1341 523 1566 581 ἐκάλουν.
1614 527 1718 579 ἐπεὶ
1744 527 1798 579 δὲ
1823 525 1968 578 οὐδὲν
1994 525 2055 593 ἥ-

239 640 391 682 νυον,
436 611 645 681 δυνάμει
683 613 872 676 αὐτοὺς
910 610 1266 682 περιελθόντος
1303 613 1553 679 Εὐσεβιόυ
1581 616 1776 682 πολλῇ,
1824 615 2057 680 ξυμφρο-

240 699 483 770 νήσαντες
507 699 696 752 νεανίαι
722 699 852 760 τινες
878 698 931 752 ἓν
960 703 1023 769 τῇ
1049 698 1269 762 Κυζίκου
1301 697 1463 770 ἀγορᾷ
1489 698 1779 749 κτείνουσιν.
1825 693 2100 763 ε’τύγχανεὸ

241 787 296 839 δὲ
312 781 549 852 Ἰωάννης
570 789 642 856 τῷ
666 782 895 855 Εὗσεβίῳ
925 781 1173 853 διάφορος
1196 781 1407 852 γεγονώς
1428 778 1650 847 μάλιστα
1667 821 1682 845 ,
1731 782 1814 832 καὶ
1842 780 1932 832 ἀπ’
1966 780 2061 831 αὗ-

237 876 330 923 τοῦ
359 868 391 938 ἧ
427 874 519 937 τῆς
557 867 829 937 ἐπιβουλῆς
859 866 1061 935 ὑποψία
1094 869 1144 929 ἒς
1186 867 1340 920 αὗτόν
1373 861 1521 934 ἦλθε.
1577 865 1867 918 στέλλονται
1892 865 2061 918 τοίνυν

89 968 132 1013 Η
160 966 216 1012 45
247 956 300 1008 ἐκ
320 959 512 1022 βουλῆς
545 952 725 1024 ἄνδρες
765 949 1192 1023 ὃιερευνησόμενοι
1230 952 1289 1006 τό
1326 953 1529 1019 μίασμα
1560 954 1713 1003 τοῦτο
1735 968 1746 982 ·
1809 949 1865 1003 οἳ
1886 950 1946 1017 δὴ
1974 950 2064 1002 τὸν

235 1037 473 1107 Ἰωάννην
503 1043 682 1108 πρῶτα
709 1038 799 1106 μὲν
826 1039 876 1090 ἐν
909 1038 1237 1110 δεσμωτηρίῳ
1273 1039 1579 1106 καθεῖρξαν,
1621 1034 1788 1088 ἔπειτα
1815 1035 1870 1087 δὲ
1899 1034 2065 1104 ἄνδρα

94 1138 131 1185 Ρ
159 1139 216 1184 79
244 1123 474 1195 ὕπαρχον
499 1123 719 1177 δυνατὸν
744 1121 877 1177 οὕτω
903 1120 1197 1191 γενόμενον,
1235 1123 1284 1184 ἒς
1309 1122 1603 1192 πατρικίους
1627 1121 1682 1172 δὲ
1707 1119 2064 1189 ἇναγραφέντα
2080 1132 2135 1174 10

244 1212 326 1263 καὶ
355 1210 408 1271 ἐς
432 1213 534 1263 τῶν
557 1205 765 1262 ὖπάτων
788 1203 1142 1275 ἄναβεβηκότα
1168 1206 1259 1259 τὸν
1287 1207 1500 1278 δίφρον,
1548 1198 1608 1258 οὗ
1633 1207 1800 1271 μεῖζον
1824 1202 1948 1257 εἶναι
1974 1203 2066 1257 οὖ-

247 1295 332 1348 &gv
357 1293 408 1347 ἕν
431 1314 483 1363 γε
512 1298 575 1364 τῇ
606 1290 866 1359 Ῥωμαίων
899 1292 1123 1364 πολιτείᾳ
1157 1293 1322 1356 δοκεῖ’,
1368 1287 1588 1359 ἔστησάν
1626 1311 1679 1343 τε
1715 1289 1931 1360 γυμνὸν,
1977 1287 2066 1342 ἅτε

243 1376 435 1450 λῃστήν
458 1400 572 1431 τινα
597 1375 629 1446 ἢ
653 1373 953 1444 λωποδύτην
969 1417 985 1441 ,
1028 1379 1109 1428 καὶ
1135 1377 1384 1439 ξαίνοντες
1407 1375 1538 1429 κατὰ
1569 1379 1663 1427 τοῦ
1685 1372 1850 1428 νώτου
1877 1373 2069 1436 πολλὸς

244 1467 394 1516 εἰπεῖν
421 1462 486 1515 τὰ
510 1460 796 1529 βεβιωμένα
818 1458 1114 1529 ἠνάγκαζον.
1174 1462 1254 1513 καὶ
1281 1466 1374 1513 τοῦ
1397 1460 1490 1528 μὲν
1515 1458 1766 1526 Εὗσεβιόυ
1793 1456 1952 1531 φόνου
1985 1458 2068 1512 αἶ’-

243 1568 351 1609 τιος
373 1544 608 1614 Ἰωάννης
639 1545 697 1599 οὗ
729 1547 842 1598 λίαν
868 1542 1183 1614 ἐξελήλεγκτο
1202 1586 1218 1610 ,
1263 1542 1402 1617 ἐῴκει
1425 1545 1597 1614 μέντοι
1622 1542 1654 1613 ἦ
1680 1550 1772 1598 τοῦ
1798 1550 1927 1598 θεοῦ
1952 1546 2065 1613 δίκη
2086 1555 2139 1599 15

245 1632 424 1694 ποινὰς
468 1631 624 1684 αὐτὸν
660 1636 750 1698 τῆς
783 1630 1077 1699 οἰκουμένης
1119 1628 1513 1700 ἔσπραττομένη.
1563 1628 1731 1682 ἔπειτα
1773 1631 1828 1683 δὲ
1851 1630 1916 1683 τὰ
1940 1627 2072 1701 χρή-

245 1739 388 1785 ματα
424 1715 592 1770 πάντα
635 1711 931 1786 ἀφελόμενοι
966 1714 1155 1784 γυμνὸν
1194 1715 1245 1777 ἐς
1267 1715 1359 1783 τὴν
1387 1720 1514 1770 ναῦν
1544 1716 1899 1783 εἰσεβίβασαν,
1949 1712 2071 1781 ἱμά-

247 1823 357 1856 τιον
380 1799 467 1866 ἓν,
514 1803 596 1854 καὶ
639 1806 792 1853 τοῦτο
822 1801 983 1871 τραχὺ
1024 1802 1240 1868 κομιδῆ,
1290 1798 1636 1869 ἀμπεχόμενον
1650 1840 1666 1865 ,
1713 1799 1910 1867 ὀβολῶν
1938 1799 2073 1868 ὠνη-

185 1903 222 1944 Β
253 1888 346 1940 θέν
370 1887 549 1956 ὀλίγων
576 1890 755 1950 τινῶν,
790 1887 842 1938 οἵ
861 1906 914 1938 τε
941 1884 1099 1938 αἰτόν
1124 1885 1544 1954 παραπέμποντες
1565 1882 1664 1952 ὅπη
1691 1883 1754 1937 ἂν
1778 1882 1810 1952 ἡ
1834 1890 1959 1946 ναῦς
1983 1882 2072 1952 ὄρ-

248 1973 458 2040 μισθείη
491 1970 714 2023 ἐκέλευον
749 1968 905 2039 ἄρτον
947 1970 979 2038 ἢ
1018 1969 1235 2037 ὀβολοὺς
1270 1970 1324 2022 ἒκ
1348 1975 1451 2024 τῶν
1474 1967 1893 2040 προσπιπτόντων
1916 1973 2070 2023 αἶτεῖ-
2085 1981 2144 2024 20

250 2061 395 2111 σθαι.
442 2054 576 2109 οὕτω
602 2076 656 2108 τε
695 2052 966 2122 πτωχεύων
1005 2053 1295 2123 πανταχόθι
1332 2061 1423 2124 τῆς
1463 2054 1670 2124 πορείας
1692 2060 1782 2123 τῆς
1805 2052 2073 2124 Αἰγύπτου

253 2142 303 2205 ἒς
327 2141 419 2210 τὴν
438 2137 692 2194 Ἀντινόου
715 2142 982 2209 κομίζεται.
1029 2143 1111 2193 καὶ
1140 2142 1312 2211 τρίτον
1337 2146 1490 2194 τοῦτο
1519 2139 1629 2202 ἔτος
1657 2139 1812 2194 αὐτὸν
1846 2142 2075 2194 ἐνταῦθα

363 2305 408 2349 2.
441 2300 795 2356 ἐντυγχάνουσιν
835 2303 886 2346 L.
934 2300 1254 2359 ἐντυγχάνουσι
1283 2303 1335 2346 Ρ.
1451 2303 1521 2348 15.
1563 2299 1876 2360 ἐξελήλεγκτο]
1926 2300 2075 2359 ἐξελή-

366 2367 494 2406 λεκτο
519 2361 612 2412 HL.
730 2364 797 2411 16.
830 2361 1101 2419 οἰκουμένης
1124 2365 1160 2405 Α
1191 2365 1432 2412 correctus:
1463 2362 1731 2418 οἰκονομίας
1759 2375 1786 2404 a
1815 2374 1880 2418 pr.
1908 2375 1960 2404 m.

365 2487 476 2530 Erat
504 2486 654 2543 Cyzici
684 2486 926 2546 Episcopus
955 2488 1200 2537 Eusebius,
1231 2487 1356 2531 homo
1389 2488 1605 2541 omnibus,
1635 2487 1677 2530 in
1707 2499 1813 2544 quos
1842 2485 2076 2539 incidebat,

258 2559 342 2588 non
371 2544 506 2586 minus
547 2548 814 2600 importunus
855 2560 982 2601 quam
1010 2547 1203 2589 loannes.
1262 2545 1368 2587 Eius
1397 2559 1544 2590 nomen
1570 2546 1624 2588 ad
1658 2545 1959 2601 Imperatorem
1989 2544 2080 2599 Cy-

257 2601 394 2645 ziceni
423 2601 691 2643 detulerant:
734 2602 811 2643 sed
851 2617 943 2645 cum
982 2602 1086 2645 nihil
1125 2601 1385 2660 proficerent
1423 2604 1630 2645 adversus
1671 2614 1776 2657 opes
1805 2606 1848 2644 et
1877 2600 2077 2656 gratiam,

257 2672 344 2714 qua
371 2658 487 2713 ipsos
515 2658 870 2701 circumveniebat
903 2661 1136 2710 Eusebius,
1167 2659 1466 2714 conspirarunt
1490 2659 1663 2702 iuvenes
1691 2659 1870 2715 aliquot,
1900 2672 2079 2714 eumque

258 2714 302 2756 in
330 2715 426 2756 foro
458 2715 674 2768 Cyziceno
706 2716 1024 2764 interfecerunt.
1086 2715 1200 2759 Odio
1230 2716 1406 2772 capitali
1434 2716 1612 2766 Ioannes
1650 2717 1704 2759 ab
1733 2715 1921 2758 Eusebio
1951 2714 2080 2756 dissi·
2132 2767 2139 2776 ι
2168 2756 2184 2768 ,

260 2771 416 2813 debat.-
446 2773 716 2828 quamobrem
744 2772 788 2813 in
815 2771 952 2826 ipsum
984 2774 1139 2815 collata
1169 2779 1236 2818 est
1264 2773 1583 2815 machinationis
1612 2772 1811 2830 suspicio.
1869 2771 1993 2816 Missi
2021 2785 2079 2813 ex
2154 2819 2157 2826 ‚

258 2829 421 2873 Senatu
452 2827 527 2883 qni
556 2828 609 2869 de
639 2827 799 2876 scelere
831 2829 1131 2884 inquirerent,
1166 2830 1342 2887 primum
1382 2829 1550 2886 quidem
1592 2831 1791 2875 Ioannem
1838 2829 1882 2871 in
1911 2829 2080 2872 vincula
2152 2830 2154 2836 '

256 2884 550 2927 coniecerunt:
590 2884 747 2927 deinde
788 2885 941 2937 nudum
970 2901 1053 2929 non
1093 2900 1216 2930 secus
1253 2901 1306 2930 ac
1333 2887 1538 2930 latronem
1570 2894 1646 2930 aut
1675 2891 1958 2943 grassatorem
1986 2886 2081 2928 ius-

257 2955 355 2984 sere
385 2941 508 2992 sisti,
538 2941 701 2992 virum,
732 2942 805 2996 qui
834 2948 880 2983 et
912 2944 1126 2988 Praetorii
1157 2945 1474 2987 Praefecturam
1504 2952 1721 2999 gesserat,
1764 2943 1835 2999 qui
1868 2942 2081 2985 Patricio-

258 3013 349 3041 rum
380 2999 519 3049 ordini
562 2998 702 3049 fuerat
732 2999 967 3055 ascriptus,
1014 3001 1087 3056 qni
1117 3002 1171 3043 ad
1201 3001 1345 3043 sellam
1374 3001 1660 3054 consularem,
1701 3013 1786 3056 qua
1815 2998 1919 3042 nihil
1947 3000 2080 3041 maius

258 3055 304 3098 in
343 3055 455 3112 Rep.
494 3055 683 3096 Romana
723 3055 893 3098 videtur
928 3070 1052 3109 esse,
1101 3059 1369 3109 ascenderat.
1435 3057 1518 3099 Hic
1557 3059 1630 3100 ille
1668 3063 1785 3100 secto
1827 3056 2079 3099 verberibus

259 3114 415 3164 dorso,
459 3118 697 3161 anteactam
726 3112 856 3154 vitam
887 3127 1098 3169 exponere
1127 3121 1301 3157 coactus
1330 3118 1410 3157 est.
1468 3115 1531 3156 Ac
1558 3113 1674 3156 necis
1704 3113 1872 3169 quidem
1903 3113 2079 3155 Eusebii

259 3175 475 3218 auctorem
510 3169 648 3224 ipsum
690 3168 884 3211 extitisse
921 3184 1003 3212 non
1043 3171 1104 3213 ita
1143 3173 1360 3227 liquebat:
1401 3185 1548 3215 verum
1577 3170 1722 3212 divina
1747 3170 1914 3212 iustitia
1942 3171 1996 3212 ab
2026 3185 2079 3212 eo

262 3225 406 3268 vexati
435 3234 645 3269 terrarum
687 3226 804 3267 orbis
834 3240 993 3281 poenas
1024 3229 1197 3282 exigere
1218 3228 1455 3277 videbatur.
1515 3228 1722 3280 Omnibus
1753 3228 1914 3269 demum
1941 3227 2081 3268 facul-

261 3283 422 3326 tatibus
457 3289 587 3338 atquo
619 3281 726 3333 adeo
757 3284 946 3325 vestibus
975 3289 1170 3338 exutum,
1208 3291 1254 3327 et
1292 3299 1378 3327 una
1407 3284 1626 3327 admodum
1655 3283 1802 3339 togula
1831 3298 1967 3340 eaque
1999 3298 2081 3339 op-

262 3340 365 3396 pido
396 3354 551 3396 aspera
580 3354 630 3381 ac
661 3339 806 3395 paucis
837 3346 979 3395 empta
1008 3341 1142 3383 obolis
1171 3345 1408 3384 contectum
1437 3342 1677 3397 imposuere
1705 3343 1748 3383 in
1777 3342 1932 3383 navim.
1991 3339 2079 3391 Qui

261 3404 402 3440 autem
429 3398 566 3452 ipsum
594 3396 834 3447 ducebant,
872 3412 1135 3454 quocumque
1173 3398 1459 3454 appellerent,
1498 3401 1543 3441 in
1571 3405 1727 3442 terram
1758 3398 1992 3454 expositum
2022 3398 2076 3439 ab
2136 3419 2141 3425 κ

262 3454 402 3496 obviis
431 3468 578 3510 panem
607 3459 682 3505 ant
710 3454 856 3495 obolos
885 3460 1034 3511 petere
1063 3454 1332 3508 subigebant.
1391 3457 1457 3498 lta
1486 3470 1564 3512 per
1591 3454 1851 3512 Aegyptum,
1881 3468 2078 3511 quacum·
2127 3486 2155 3495 ..

261 3525 345 3567 que
375 3509 573 3564 transiit,
618 3510 857 3554 mendicans
898 3512 1196 3569 Antinoopolin
1226 3513 1343 3556 venit
1361 3544 1375 3566 ,
1418 3513 1582 3571 iamque
1611 3513 1711 3558 anni
1739 3519 1836 3556 sunt
1865 3520 1953 3555 tres
1981 3525 2076 3553 cum
2151 3508 2156 3524 ⁸
