2254 3814
325 152 444 209 508
1077 152 1407 208 PROCOPII

144 301 180 342 P
211 302 290 344 291
324 290 627 361 Σολόμωνος
664 294 718 346 δὲ
756 295 939 355 δοῦλος
975 290 1189 364 ἔφασκεν
1210 292 1348 348 εἶναι.
1436 295 1584 366 φίλον
1604 292 1775 363 μέντοι
1796 299 1899 350 τῶν
1925 317 2035 348 τινα
2060 298 2141 349 ῗα-

320 385 481 447 τρῶν,
527 376 794 446 Πηγάσιον
835 377 1025 444 ὄνομα,
1073 377 1268 432 εἶναιόἶ
1295 381 1346 432 ἓν
1374 385 1436 451 τῇ
1463 378 1602 433 πόλει
1625 382 1881 454 Λαρίβῳ,
1929 383 2141 449 πλησίον

319 486 416 516 που
443 462 570 533 οὔσῃ
582 503 598 527 ,
636 461 690 523 ὃς
718 462 875 516 αὐτὸν
898 461 1148 532 ὠνήσαιτο
1172 463 1238 517 τὰ
1261 461 1423 534 λύτρα
1449 463 1635 528 διδούς.
1683 467 1730 520 οἶ
1749 467 1841 533 μὲν
1867 460 1955 518 οὖν
1978 470 2143 519 Μαυ-

321 545 513 617 ρούσιοι
550 546 764 615 ἄγχιστα
807 553 899 601 τοῦ
940 554 1032 616 τῆς
1058 547 1251 610 πόλεως
1278 548 1548 618 περιβόλου
1576 547 1825 620 γενόμενοι
1854 548 2064 604 ἐκάλουν
2088 573 2142 604 τε

318 633 406 686 τὸν
445 629 712 700 Πηγάσων
748 634 837 685 καί
870 634 917 686 οἶ
943 631 1223 700 Σολόμωνα
1251 636 1524 701 ἐδείκνυον,
1563 633 1776 706 ἠρώτων
1798 657 1852 689 τε
1879 635 1928 688 εἷ’
1948 636 1996 689 οἳ
2021 642 2182 689 τοῦ-5

316 738 405 770 τον
423 717 665 770 ὠνεῖσθαι
681 717 810 787 πρὸς
824 715 1011 786 ἡδονῆς
1023 720 1144 774 ἔστι.
1187 722 1269 771 καὶ
1296 721 1398 773 ἐπεὶ
1421 717 1663 790 ὡμολόγει
1687 719 1995 789 ὠνήσεσθαι,
2022 743 2142 774 πεν-

315 799 534 869 τήκοντά
560 802 607 854 οἳ
628 811 839 872 χρυσοῖς
866 804 1110 857 ἀπέδοντο
1135 804 1223 857 τόν
1248 803 1545 873 Σολόμωνα.
1633 806 1772 867 ἐντὸς
1802 807 1857 858 δὲ
1881 811 1974 858 τοῦ
2001 827 2142 876 περι-

315 885 476 954 βόλου
516 884 775 955 γενόμενος
812 886 1059 956 Σολόμων
1095 890 1218 952 τοὺς
1252 892 1653 959 Μαυρουσίους,
1702 889 1788 944 ἅτε
1823 892 1954 960 πρὸς
1980 891 2139 944 αὐτοῦ

314 973 576 1041 μειρακίου
620 972 766 1034 ὄντος
800 973 1232 1043 ἐξηπατημένους,
1288 973 1529 1040 ἐτώθαζε.
1619 974 1774 1038 αὐτὸς
1815 975 1910 1046 γὰρ
1952 975 2139 1046 ἔφασκε

251 1070 289 1114 Β
320 1055 527 1125 Βάκχου
565 1059 657 1126 μὲν
697 1066 842 1124 παῖς,
889 1057 1193 1127 Σολόμωνος
1230 1061 1285 1112 δὲ
1317 1059 1788 1131 ἀὸἐλφιδοῢςέἶναι.
1877 1059 2138 1132 Μαυρού-
2158 1071 2223 1113 10.

315 1162 415 1195 σιοι
454 1143 510 1195 δὲ
547 1152 653 1205 τοῖς
689 1165 742 1196 τε
783 1147 1090 1211 ξυμπεσοῦσι
1121 1150 1502 1214 περιαλγοῦντες
1536 1147 1620 1198 καὶ
1654 1146 1790 1198 δεινὰ
1829 1143 2136 1213 ποιούμενοι,

315 1225 393 1280 ὅτι
431 1227 494 1295 δὴ
530 1229 740 1297 Σεργίου
779 1249 832 1281 τε
866 1231 950 1280 καὶ
977 1227 1237 1296 Ῥωμαίων
1273 1229 1502 1299 ἐνέχυρον
1537 1230 1780 1299 καρτερὸν
1813 1229 2008 1298 ἔχοντες
2031 1229 2138 1284 εἶτα

315 1311 450 1364 οὕτω
487 1313 750 1383 παρέργως
791 1311 1022 1382 ἀφῆκαν,
1071 1314 1123 1375 ἐς
1143 1311 1390 1384 Λάριβόν
1424 1336 1478 1367 τε
1502 1313 1744 1386 ἀφίκοντο
1774 1317 1856 1368 καὶ
1887 1315 2060 1377 αὐτοῖς
2089 1317 2139 1378 ἐς

310 1399 605 1468 πολιορκίαν
638 1397 981 1466 κατέστησαν,
1019 1396 1155 1461 ὅπως
1190 1399 1279 1452 τὸν
1313 1397 1595 1467 Σολόμωνα
1620 1401 1708 1463 ξῦν
1735 1405 1800 1472 τῇ
1828 1398 1966 1453 πόλει
1990 1399 2137 1470 αἱρή-

313 1502 485 1535 σωσιν.
577 1482 624 1535 οἳ
662 1483 717 1535 δὲ
753 1481 1166 1551 πολιορκούμενοι
1203 1489 1306 1537 τῶν
1349 1483 1634 1555 βαρβάρων
1676 1485 1768 1554 τὴν
1806 1488 2135 1556 προσεδρείαν
2153 1494 2204 1538 15

309 1565 817 1637 κατορρωδήσαντες,
865 1570 967 1621 ἐπεὶ
1003 1568 1123 1622 οὐδὲ
1151 1571 1212 1622 τὰ
1243 1567 1498 1638 ἐπιτήδεια
1523 1569 1906 1639 ἕσκομισάμενοι
1940 1570 2133 1640 ἔτυχον,

307 1661 414 1713 τοῖς
441 1655 801 1722 Μαυρουσίοις
828 1655 879 1715 ἐς
904 1651 1082 1723 λόγους
1117 1649 1296 1722 ἦλθον,
1343 1655 1428 1725 ἐφ’
1458 1648 1499 1727 ᾧ
1516 1654 1759 1726 χρήματα
1778 1650 1970 1725 μεγάλα
1993 1678 2136 1726 περι-

303 1735 606 1804 βαλλόμενοι
649 1738 740 1806 τὴν
783 1741 1113 1810 προσεδρειάν
1152 1739 1311 1802 εὐθὺς
1363 1737 1686 1798 διαλύσωσιν.
1774 1741 1824 1794 οἳ
1857 1742 1912 1794 δὲ
1945 1741 2035 1794 οὐκ
2071 1741 2135 1795 ἂν

306 1820 431 1875 ἑλεῖν
459 1825 550 1897 βία
577 1823 669 1891 τὴν
698 1820 842 1877 πόλιν
882 1823 1099 1892 οἰόμενοι
1114 1866 1130 1891 ,
1176 1827 1278 1879 ἐπεὶ
1306 1828 1664 1896 ΠῙαυρουσίοις
1696 1835 2006 1895 τειχομαχεῖν
2042 1827 2133 1880 οἰ·-

305 1910 444 1976 δαμῆ
477 1908 724 1977 ἤσκηται,
773 1912 1022 1974 σπανίζειν
1062 1931 1115 1963 τε
1154 1910 1221 1963 τὰ
1258 1908 1512 1978 ἐπιτήδεια
1547 1919 1655 1973 τοῖς
1692 1912 2226 1979 πολιορκουμένοιςΞΟ-

240 2000 276 2042 C
306 1991 486 2061 ἣκιστα
527 1992 749 2063 ἔγνωσαν
766 2036 781 2059 ,
826 1992 947 2057 τούς
973 2016 1026 2047 τε
1049 1993 1228 2065 λόγους
1253 1995 1532 2063 ἒνεδίχοντο
1555 1999 1638 2049 καὶ
1664 1999 1968 2067 ’τρισχιλίους
1989 2019 2131 2050 κεκο-

301 2078 533 2146 μισμένοι
555 2085 780 2148 χρυσοῦς
809 2079 900 2148 τὴν
928 2083 1221 2151 πολιορκίαν
1254 2081 1490 2134 διέλυσαν
1500 2122 1517 2147 ,
1563 2083 1647 2135 καὶ
1684 2082 1733 2136 οἱ
1756 2079 2007 2135 Λευάθαι
2040 2081 2126 2136 ἐπ’

305 2164 445 2217 οἴκου
472 2160 759 2231 ξύμπαντες
784 2162 1125 2235 ἀνεχώρησαν.

415 2273 458 2315 6.
489 2267 768 2327 ὠνήσεσθαι]
800 2268 1073 2327 ὠνήσασθαι
1101 2272 1137 2316 L
1160 2287 1271 2316 corr.
1294 2273 1392 2315 Hm.
1534 2275 1576 2318 7.
1610 2274 1810 2329 χρυσοῖς]
1841 2275 2013 2329 χρυσοῦ
2033 2274 2128 2318 HL.

416 2331 459 2372 8.
492 2328 714 2383 Σολόμων
742 2330 891 2372 addidi
926 2345 979 2372 ex
1010 2332 1056 2372 Α.
1203 2332 1244 2374 9.
1276 2328 1421 2380 miros
1446 2329 1564 2387 γὰρ]
1595 2333 1840 2388 Legebatur
1869 2330 2013 2382 αὐτὸς
2040 2332 2126 2387 γὰρ

414 2385 652 2442 Σολόμων.
796 2391 864 2432 11.
895 2387 1200 2445 ξυμπεσοῦσι]
1230 2389 1536 2443 ξυμπεσοῦσιν
1564 2389 1616 2432 L.
1758 2390 1827 2433 15.
1859 2387 2011 2444 οὕτω]
2044 2386 2127 2432 01⁹5-

412 2459 502 2495 τως
517 2445 566 2485 L.
654 2444 758 2486 ibid.
789 2441 950 2495 αὐτοῖς
978 2444 1190 2487 add.H1,:
1220 2460 1299 2487 om.
1320 2445 1369 2486 P.
1458 2446 1606 2492 15.18.
1637 2446 1953 2502 προσεδρείαν]
1987 2447 2124 2503 Vulgo

413 2501 703 2569 npoosffot'ocv'.
848 2504 916 2546 18.
954 2497 1117 2571 εὐθὺς]
1149 2502 1288 2559 Vulgo
1322 2499 1459 2546 εὐθὺ.
1615 2505 1687 2547 22.
1724 2502 1962 2558 Λευοὶθαι]
1992 2503 2123 2558 λε’βα-

413 2561 475 2602 &a
497 2559 549 2601 L.
588 2560 787 2615 λεβαθαι
809 2558 866 2601 Η.
907 2561 1145 2617 Λεβανθαι
1168 2560 1220 2606 Ρ.
1250 2558 1494 2605 Λευοὶνθοιι
1511 2560 1724 2616 Scaliger.
1752 2562 2001 2605 Leucothoe
2026 2562 2120 2604 RV.

301 2655 450 2698 Lan-ibi
479 2656 603 2711 (urbs
631 2657 737 2701 haec
765 2657 908 2701 vicina
938 2659 1054 2712 erat)
1092 2657 1294 2701 medicum
1323 2658 1568 2715 quemdam,
1607 2659 1835 2715 Pegasium
1865 2660 2057 2711 nomine,
2096 2673 2123 2702 a

300 2727 387 2768 quo
418 2713 711 2757 redimeretur.
781 2715 998 2759 Accedunt
1027 2715 1167 2759 Mauri
1197 2715 1252 2757 ad
1282 2717 1402 2758 urbis
1431 2716 1620 2768 moenia3
1661 2717 1799 2760 accito
1828 2717 2010 2772 Pegasio
2040 2717 2123 2759 Sa-

296 2770 502 2813 lomonem
532 2771 755 2822 exhibeut3
785 2778 955 2827 rogant,
986 2787 1134 2815 eumne
1166 2787 1306 2815 emere
1333 2774 1494 2816 lubeat.
1552 2775 1686 2816 Pacto
1708 2788 1928 2816 aureorum
1954 2788 1996 2817 1,.
2023 2789 2122 2830 pre-

298 2826 386 2879 tio,
428 2827 692 2885 Salomonem
723 2829 961 2872 dimittunt:
1010 2830 1082 2887 qui
1111 2831 1259 2873 urbem
1288 2830 1526 2885 ingressus,
1565 2832 1768 2882 Mauros,
1799 2846 1825 2873 a
1853 2845 1901 2874 se
1930 2831 2121 2887 quamvis

296 2883 613 2926 adolescentulo
642 2886 997 2943 circumscriptos,
1027 2887 1172 2930 sannis
1201 2887 1399 2943 explosit,
1428 2894 1532 2931 tunc
1559 2901 1606 2929 se
1637 2887 1794 2930 Bacchi
1825 2888 1970 2939 filium,
2002 2894 2046 2930 et
2065 2889 2120 2930 ab

296 2955 350 2982 eo
380 2941 618 2983 Salomonis
644 2949 838 2998 nepotem
868 2945 1101 2999 professus,
1173 2945 1287 2987 Hinc
1317 2945 1462 2987 dolore
1493 2943 1656 2987 incensi
1684 2944 1846 2996 Mauri,
1897 2959 1948 2987 ac
1976 2958 2118 2986 secum

295 2996 590 3052 indignantes,
629 3000 769 3054 quod,
811 3015 905 3042 cum
949 3002 1096 3055 Sergii
1124 3001 1495 3058 Romanorumque
1522 3001 1684 3044 firmum
1714 3001 1866 3059 pignus
1894 3002 2119 3052 haberent,

294 3053 342 3096 id
371 3055 491 3097 abire
519 3055 626 3096 adeo
656 3057 923 3111 negligenter
951 3057 1175 3110 sivissent3
1217 3058 1271 3101 ad
1302 3060 1448 3101 urbem
1486 3058 1686 3101 Laribum
1710 3057 1953 3110 confluunt,
1983 3072 2118 3113 eoque

297 3111 434 3154 animo
463 3111 670 3154 obsidium
699 3119 952 3168 capessunt,
994 3120 1042 3156 ut
1072 3116 1338 3158 Salomonem
1367 3129 1459 3158 cum
1487 3115 1564 3158 illa
1590 3114 1754 3171 pariter
1785 3115 1967 3170 capiant.
2028 3117 2118 3157 ob-

295 3181 436 3211 sessos
465 3168 622 3211 iuvasit
651 3170 801 3213 timor:
848 3185 931 3226 quo
962 3171 1154 3227 impulsi,
1183 3172 1375 3227 quoniam
1402 3171 1538 3215 nullos
1565 3175 1820 3214 commeatus
1848 3172 2114 3222 invexerant,

295 3239 387 3267 cum
417 3226 583 3268 Mauris
611 3232 757 3282 agunt,
786 3232 849 3277 ut,
878 3228 1031 3280 grandi
1062 3235 1240 3284 accepta
1269 3229 1465 3284 pecunia,
1511 3227 1768 3270 obsidionem
1799 3231 2009 3286 extemplo
2031 3228 2115 3271 sol-

295 3287 413 3325 vant.
484 3283 551 3324 nli
579 3283 806 3339 desperata
836 3285 954 3325 urbis
984 3285 1323 3340 expugnatione,
1377 3284 1488 3340 quod
1533 3284 1589 3326 ad
1626 3285 1932 3341 oppugnandos
1974 3298 2113 3328 muros

295 3338 567 3382 inexercitati
597 3341 684 3382 sint
714 3340 879 3391 Mauri,
924 3355 1015 3383 curn
1045 3343 1170 3384 etiam
1210 3341 1458 3397 ignorarent
1486 3340 1739 3384 cibariorum
1782 3343 1960 3399 penuria
1993 3343 2112 3385 labo-

296 3410 395 3438 rare
423 3398 633 3448 obsessos,
662 3398 719 3440 ad
748 3397 1025 3441 conditionem
1055 3399 1281 3450 accedunt,
1307 3399 1530 3454 tribusque
1553 3413 1775 3442 aureorum
1806 3400 1996 3456 acceptis
2022 3399 2114 3442 mil-

295 3453 422 3506 libus,
452 3454 712 3498 obsidionem
744 3456 930 3499 solvunt.
990 3457 1031 3500 Τ
1038 3471 1103 3499 um
1132 3456 1384 3500 Lebauthae
1412 3469 1552 3499 omnes
1583 3457 1746 3500 domum
1773 3459 2001 3514 repetiere.
