2254 3814
361 166 482 227 204
1108 169 1442 224 PROCOPII

357 333 459 365 κτει
485 333 537 365 τε
575 313 657 364 καὶ
690 310 777 373 ξὺν
806 307 985 378 ἀπειλῇ
1010 306 1198 376 ἀνεβόα
1233 310 1323 364 τὸν
1349 311 1591 378 Καίσαρα
1622 315 1929 380 προτερῆσαι
1951 312 2175 367 τῶν-ἅλ-

175 399 214 440 V
241 401 325 447 301
357 403 457 450 λων
482 397 541 450 οὐ
568 396 681 448 δίον
694 435 709 458 ,
758 394 948 446 ἐκέλευέ
964 415 1016 446 τε
1041 395 1159 457 τοὺς
1182 397 1460 466 προτέρους
1481 394 1653 458 ι’όντας
1673 397 1861 459 ἵππους
1882 398 2169 466 ἕπε’χεσθαι,

350 481 488 542 ὅπως
516 481 573 533 τὸ
608 478 783 532 λοιπὸν
820 475 1130 533 κατόπισθεν
1156 479 1409 549 γενόμενοι
1437 481 1776 551 ἀγωνίζωνται
1796 498 1809 511 ·
1856 480 1975 552 ὅπερ
2001 483 2170 551 ἐπειδὴ

349 565 512 627 οὕτως
539 565 816 634 ἐπέπρακτο
855 562 1024 632 ὥσπερ
1052 567 1235 627 ἐκεῖνος
1269 567 1482 630 ἐκέλευε,
1529 572 1672 619 νικᾶν
1697 565 1859 628 οὕτως
1888 565 1915 620 ὅ
1942 589 1994 620 τε
2019 571 2170 621 Χοσ-

348 649 469 718 ρόης
492 652 575 702 καὶ
598 651 753 717 μέρος
794 649 852 701 τὸ
892 647 1136 717 πράσινον
1162 650 1346 713 ἔδοξεν.
1423 654 1655 704 ἐνταῦθα
1679 656 1781 704 τῶν
1808 673 1883 714 τις
1903 651 2209 720 Ἀπαμέωνό

171 733 205 776 Ρ
238 737 319 780 116
346 732 565 806 Χοσρόῃ
601 736 653 796 ἐς
687 733 809 801 ὄψιν
847 732 984 802 ῆκων
1023 734 1201 807 ᾐτιᾶτο
1240 736 1450 806 Πέρσην
1483 735 1649 806 ἄνδρα
1681 736 1732 798 ἐς
1770 736 1861 804 τὴν
1887 739 2049 791 οἰκίαν
2075 737 2170 806 τὴν

346 819 506 873 αὐτοῦ
548 817 813 885 ἀναβάντα
850 819 942 888 τὴν
986 823 1147 873 παῖδα
1200 815 1359 875 οὖσαν
1396 820 1658 891 παρθένον
1699 819 1985 886 βιάζεσθαι.
2057 819 2169 876 ὅδὲ

342 910 510 959 ταῦτα
542 903 767 967 ἀκούσας
804 907 889 957 καὶ
920 910 991 977 τῷ
1035 911 1193 979 θυμῷ
1233 907 1352 971 ζέων
1385 905 1604 976 ἄγεσθαι
1641 905 1729 959 τὸν
1760 905 1923 977 ἄνδρα
1961 907 2164 962 ἐκέλευε.

343 992 427 1043 καὶ
454 992 558 1044 ἐπεὶ
579 995 747 1062 παρῆν
772 989 872 1059 ἤδη
884 1031 901 1056 ,
949 990 1453 1061 ἀνασκολοπισθῆναι
1488 991 1646 1045 αὐτὸν
1669 992 1722 1044 ἓν
1741 997 1814 1064 τῷ
1834 992 2164 1066 στρατοπέδῳ

339 1076 618 1130 ἐπέστελλε.
697 1076 848 1144 γνοὺς
888 1076 943 1128 δὲ
984 1074 1010 1129 ὃ
1055 1078 1218 1145 δῆμος
1259 1079 1410 1130 παντὶ
1446 1077 1616 1130 σθένει
1648 1075 1921 1147 ἀνέκραγον
1943 1078 2161 1140 ἐξαίσιον
2177 1087 2234 1132 10

340 1159 448 1215 οἷον
484 1160 614 1231 πρὸς
649 1166 743 1228 τῆς
776 1166 869 1214 τοῦ
902 1161 1152 1228 βασιλέως
1192 1161 1346 1231 ὀργῆς
1380 1161 1470 1215 τὸν
1499 1161 1776 1232 ἄνθρωπον
1803 1160 2158 1228 ἐξαιτούμενοι.

339 1245 586 1317 Χοσρόης
613 1247 668 1298 δὲ
691 1243 982 1315 ὡμολόγησε
1003 1248 1095 1313 μὲν
1120 1246 1294 1308 αὐτοῖς
1317 1245 1405 1300 τὸν
1430 1246 1592 1316 ἄνδρα
1615 1244 1857 1317 ἀφήσειν,
1904 1246 2080 1318 λάθρα
2106 1250 2166 1302 δὲ

336 1329 723 1385 ἀνεσκολόπισεν
761 1331 819 1383 οὗ
854 1336 1026 1403 πολλῷ
1059 1329 1286 1400 ὕστερον.
1374 1337 1539 1384 ταῦτα
1576 1332 1670 1398 μὲν
1708 1326 1798 1385 οὖν
1831 1335 1952 1405 τῇδε
1985 1335 2161 1387 διαπε-

333 1417 620 1488 πραγμένος
644 1418 795 1469 παντὶ
825 1421 897 1489 τῷ
921 1421 1126 1489 στρατῷ
1150 1415 1313 1470 ὀπίσω
1338 1414 1642 1486 ἀπήλαυνεν.

267 1554 304 1596 Β
502 1538 588 1610 ιβ’.
671 1542 805 1595 Ἐπεὶ
833 1543 888 1595 δὲ
923 1543 975 1604 ἐς
1004 1543 1243 1596 Χαλκίδα
1272 1540 1417 1596 πόλιν
1444 1542 1650 1615 ἀφίκετο
1665 1584 1682 1608 ,
1726 1542 1946 1615 Βεροίας
1966 1539 2158 1607 πόλεως
2171 1552 2226 1598 15

327 1628 533 1699 τέτρασι
562 1629 645 1680 καὶ
676 1626 989 1697 ὀγδοήκοντα
1012 1630 1240 1691 σταδίοις
1266 1629 1562 1697 διέχουσαν,
1611 1622 1768 1691 αὖθις
1795 1629 1846 1691 ἐς
1883 1625 2054 1699 λήθην
2078 1650 2156 1682 τι-

325 1714 388 1767 νὰ
413 1719 517 1767 τῶν
541 1714 870 1783 ξυγκειμένων
891 1708 1022 1782 ἦλθε
1036 1755 1053 1780 ,
1098 1711 1662 1784 στρατοπεδευσάμενός
1682 1736 1736 1767 τε
1758 1719 1866 1768 τοῦ*
1880 1712 2153 1784 περιβόλου

326 1799 384 1852 οὗ
418 1798 622 1869 μακρὰν
667 1798 864 1852 ἄποθεν
912 1798 1106 1867 ἔπεμψε
1152 1794 1399 1866 Παῦλον,
1459 1795 1798 1869 ἄπειλήσοντα
1840 1803 2154 1853 Χαλκιδεῦσι

325 1885 590 1958 πολιορκία
610 1883 701 1952 τὴν
726 1882 871 1937 πόλιν
907 1882 1155 1954 αἱρήσειν,
1201 1885 1244 1937 εἷ
1269 1884 1340 1954 μὴ
1369 1880 1461 1952 τήν
1488 1906 1541 1938 τε
1565 1885 1822 1956 σωτηρίαν
1848 1883 1997 1938 ὤνιον
2027 1880 2153 1954 κτή-

324 1990 502 2022 σονται
535 1968 602 2022 τὰ
633 1965 794 2039 λύτρα
828 1967 1052 2031 διδόντες
1086 1972 1169 2022 καὶ
1193 1970 1312 2031 τοὺς
1349 1966 1692 2039 στρατιώτας,
1736 1967 1889 2031 ὅσους
1917 1972 2220 2024 ἕνταῦθαΞΟ

261 2072 299 2113 c
329 2056 588 2122 ξυμβαίνει
627 2051 778 2120 εἶναι,
827 2054 914 2118 ξῦν
950 2060 1022 2127 τῷ
1047 2052 1251 2123 ἡγεμόνι
1273 2056 1459 2108 ε’κδοΐεν
1489 2057 1648 2125 σφίσι.
1716 2057 1992 2118 Χαλκιδεῖς
2017 2057 2073 2109 δὲ
2097 2055 2151 2119 ἐς

325 2140 437 2202 δέος
454 2140 584 2210 μέγα
618 2139 744 2211 πρὸς
779 2137 1018 2212 ἑκατέρου
1041 2141 1289 2207 βασιλέως
1320 2137 1698 2209 ἐμπεπτωκότες
1719 2138 2037 2212 στρατιώτας
2055 2142 2151 2211 μὲν

431 2332 475 2376 5.
504 2329 695 2384 ,,ἕδοξεν
722 2331 876 2388 Reg.“
906 2332 1055 2375 Mum.
1116 2328 1281 2384 ἔδοξαν
1309 2331 1359 2373 Ρ.
1496 2333 1539 2376 6.
1571 2330 1748 2386 ἄνδρα]
1777 2296 1920 2387 αδρέα
1948 2332 2060 2389 (sic)
2090 2333 2142 2375 L.

434 2389 619 2444 φθορέα
650 2390 739 2431 Lm.
886 2392 953 2433 18.
983 2387 1286 2445 ἀπειλήσοντα
1317 2389 1405 2432 Pm.
1464 2385 1775 2447 ἀπειλήσαντα
1802 2391 1852 2433 Β.
2003 2394 2071 2436 19.
2101 2391 2146 2435 εἰ

429 2445 494 2503 μή
517 2472 575 2478 -
604 2445 839 2502 διδόντες]
871 2447 1030 2490 Suidas
1058 2461 1094 2490 s.
1124 2461 1166 2492 v.
1197 2444 1379 2499 ὠνίους.

318 2617 474 2659 clamat
503 2616 660 2672 primas
690 2616 866 2660 concedi
897 2615 1073 2660 Caesari
1103 2632 1186 2662 non
1218 2621 1444 2676 oportere:
1484 2622 1573 2660 tum
1602 2615 1978 2674 praecurrentibus
2006 2615 2141 2673 impe-

316 2681 389 2716 rat
419 2687 551 2729 equos
581 2674 846 2725 sustineant,
874 2681 922 2716 ut
955 2675 1111 2718 deinde
1136 2691 1161 2718 a
1190 2682 1313 2732 tergo
1342 2675 1484 2719 relicti
1515 2681 1692 2718 certent.
1749 2675 1846 2717 Mos
1874 2674 1935 2715 illi
1965 2682 2136 2729 gestus:

314 2736 445 2786 atque
483 2730 547 2772 ita
587 2730 770 2773 victoria
814 2731 994 2773 Chosroi
1036 2740 1080 2775 et
1120 2734 1299 2777 factioni
1348 2733 1546 2791 prasinae
1587 2731 1766 2775 cessisse
1802 2731 1896 2773 visa
1931 2740 2012 2775 est.
2068 2732 2137 2775 Ibi

317 2787 522 2830 Chosrois
553 2789 713 2830 vultum
743 2788 876 2830 subiit
905 2788 1012 2830 civis
1042 2791 1318 2847 Apamensis,
1349 2805 1401 2834 ac
1430 2792 1485 2832 de
1517 2790 1650 2832 Persa
1678 2789 1856 2845 quodam
1887 2789 2137 2844 expostula-

315 2844 409 2895 vit,
441 2845 555 2901 quod
585 2859 703 2887 suam
732 2844 952 2900 ingressus
983 2846 1147 2889 domum
1175 2848 1292 2891 filiae
1319 2861 1423 2891 suae
1452 2846 1608 2903 virgini
1636 2846 1722 2889 vim
1752 2845 1982 2888 attulisset.
2036 2846 2134 2897 Quo

314 2901 486 2952 audito,
526 2901 592 2944 ira
630 2902 811 2952 ardens,
851 2904 905 2944 ad
946 2917 992 2945 se
1025 2904 1229 2948 hominem
1259 2905 1377 2961 rapi,
1424 2905 1738 2960 adductumque
1765 2903 1968 2959 suspendi
1997 2902 2039 2944 in
2059 2917 2133 2945 ca-

314 2958 417 3000 stris
444 2958 577 3000 iubet.
636 2959 702 3000 Re
733 2960 914 3015 populus
943 2960 1139 3014 cognita,
1180 2976 1302 3019 quam
1332 2961 1551 3004 maximum
1580 2967 1725 3016 potest
1758 2960 1978 3002 clamorem
2007 2959 2132 3013 tollit,

314 3020 359 3057 et
389 3015 443 3058 ab
472 3015 583 3058 irato
623 3016 745 3071 Rege
787 3026 947 3058 sontem
989 3019 1260 3073 deprecatur.
1317 3018 1518 3061 Promisit
1556 3017 1594 3059 is
1623 3017 1791 3073 quidem
1822 3029 1869 3058 se
1897 3016 1960 3058 illi
1989 3017 2132 3059 factu-

312 3086 404 3115 rum
434 3072 645 3127 gratiam;
679 3073 853 3115 eundem
885 3078 1023 3115 tamen
1056 3076 1165 3117 haud
1197 3077 1329 3119 multo
1360 3081 1456 3133 post
1485 3076 1590 3116 clam
1618 3073 1661 3116 in
1691 3087 1855 3115 crucem
1885 3073 1989 3130 egit.
2046 3074 2129 3118 His

313 3130 498 3185 peractis
527 3129 570 3171 in
605 3144 657 3172 ea
684 3131 813 3182 urbe,
843 3143 935 3172 cum
963 3138 1056 3174 toto
1088 3133 1281 3176 exercitu
1309 3142 1424 3176 retro
1453 3133 1565 3174 viam
1593 3130 1819 3173 convertit.
2162 3152 2165 3153 ⁷

427 3229 495 3270 12.
554 3228 784 3285 Postquam
824 3229 967 3270 urbem
1003 3228 1274 3284 Chalcidem,
1317 3231 1484 3272 Beroea
1528 3228 1681 3272 stadiis
1709 3241 1887 3271 Lxxxlv.
1919 3228 2125 3281 dissitam,

310 3282 483 3339 attigit,
514 3284 650 3327 denuo
681 3292 900 3341 pactorum
928 3285 1139 3328 immemor
1170 3287 1322 3329 castris
1342 3301 1426 3328 non
1453 3287 1601 3342 procul
1630 3301 1655 3328 a
1680 3300 1796 3328 muro
1820 3286 1986 3343 positis,
2014 3287 2124 3328 Pau-

310 3342 392 3382 lum
422 3341 562 3394 misit,
597 3357 647 3384 ac
678 3357 755 3397 per
785 3357 876 3384 eum
907 3343 1256 3385 Chalcidensibus
1287 3343 1467 3386 minatus
1496 3350 1578 3396 est,
1607 3343 1875 3387 obsessurum
1902 3358 1950 3387 se
1978 3347 2122 3387 urbem

310 3405 355 3436 et
385 3406 752 3453 expugnaturum,
792 3400 871 3441 nisi
913 3414 1056 3442 aurum
1086 3415 1161 3455 pro
1204 3402 1339 3442 salute
1381 3415 1457 3442 sua
1495 3401 1803 3456 rependerent,
1846 3408 1890 3444 et
1917 3400 2125 3458 quidquid

310 3454 516 3499 haberent
545 3456 743 3510 militum,
787 3472 879 3500 cum
911 3457 1032 3500 Duce
1071 3457 1304 3500 traderent.
1366 3457 1667 3501 Chalcidenses
1696 3457 1777 3501 sibi
1804 3458 1903 3502 hinc
1931 3473 1957 3502 a
1985 3459 2120 3515 Rege,
