2254 3814
335 171 456 230 338
1084 165 1419 219 PROCOPII

336 313 519 383 ἄριστα
559 309 654 378 εἶχε
698 308 819 370 τοῦς
856 304 1112 376 ῦπηκόους
1154 303 1374 376 ἐπλήρου
1412 304 1507 367 τὰς
1547 309 1700 369 ναῦς,
1748 303 1909 366 ἄλλας
1933 326 1986 357 τε
2014 304 2158 364 κενὰς

267 408 303 450 C
336 400 538 466 ἀνδρῶν
572 398 654 448 καὶ
696 392 764 456 ὥς
800 390 1017 462 τάχιστα
1055 389 1306 453 πλεούσας
1348 392 1400 444 ἐν
1439 394 1735 460 παρασκευῇ
1753 387 1862 456 εἷχε.
1952 389 2160 456 πέμψας

337 487 392 538 δὲ
424 483 656 552 πρέσβεις
695 477 763 540 ὥς
792 481 1102 532 Βασιλίσκον
1140 479 1296 530 ἐδεῖτο
1338 476 1426 530 τὸν
1449 473 1671 542 πόλεμον
1702 476 1752 536 ἐς
1787 474 1931 527 πέντε
1958 472 2160 543 ἡμερῶν

334 565 718 637 ὑπερβαλέσθαι
743 561 958 634 χρόνον,
1007 562 1144 625 ὅπως
1163 561 1353 630 μεταξὺ
1377 557 1782 627 βουλευσάμενος
1807 561 1967 612 ἐκεῖνα
1995 561 2161 625 ποιοίη

337 654 370 707 ἃ
395 653 457 720 δὴ
478 649 700 717 μάλιστα
724 655 927 717 βασιλεῖ
946 649 1242 719 βουλομένῳ
1267 647 1360 715 εἴη.
1448 646 1644 715 λέγουσι
1669 647 1725 697 δὲ
1751 644 1907 698 αὐτὸν
1931 647 2012 696 καὶ
2034 655 2204 713 χρυ-5

339 740 451 792 σίου
487 732 616 788 πολύ
645 758 692 788 τι
718 740 894 804 χρῆμα
921 731 1093 804 κρύφα
1131 739 1224 800 τῆς
1262 733 1574 785 Βασιλίσκου
1606 735 1850 800 στρατιᾶς
1889 730 2168 796 πέμψαντα

340 819 532 891 ταυτην
556 820 619 888 δὴ
646 819 737 887 τὴν
767 821 1034 889 ἐκεχειρίαν
1060 817 1384 888 ὠνήσασθαι.
1474 815 1695 886 ἔπρασσε
1721 817 1775 868 δὲ
1803 821 1967 868 ταῦτα
1999 812 2170 881 οἰόμε-

339 930 454 973 νος,
505 905 625 976 ὅπερ
660 905 879 973 ἐγένετο,
931 910 1129 971 πνεῦμα
1169 905 1414 974 ἐπίφορον
1448 903 1500 955 ἐν
1526 899 1692 975 τούτῳ
1726 902 1774 953 οἳ
1803 907 1876 973 τῷ
1893 897 2066 971 χρόνῳ
2089 920 2171 968 γε-

182 1009 228 1051 Η
255 1007 311 1051 99
339 992 606 1062 νήσεσθαι.
689 992 1000 1053 Βασιλίσκος
1028 992 1082 1042 δὲ
1110 989 1141 1058 ἢ
1166 989 1387 1056 Ἄσπαρι
1412 985 1649 1057 καθάπερ
1683 984 1874 1054 fingam
1898 982 2173 1055 χαριζόμε-

340 1076 480 1146 νοςῆ
507 1077 597 1130 τὸν
623 1076 798 1145 καιρὸν
827 1072 1110 1145 χρημάτων
1146 1073 1542 1141 ἀποδιδόμενος,
1595 1071 1628 1140 ἢ
1667 1074 1751 1124 καὶ
1787 1073 1988 1137 βέλτιον
2032 1070 2171 1140 αὐτῷ
2190 1078 2243 1119 10

343 1164 627 1231 ἐνομίσθη,
675 1162 827 1213 ἐποίει
848 1183 900 1213 τε
930 1161 994 1213 τὰ
1028 1157 1302 1226 αἰτούμενα
1329 1161 1412 1211 καὶ
1435 1155 1683 1225 ἡσύχαζεν
1708 1158 1760 1209 ἐν
1783 1162 1854 1229 τῷ
1890 1154 2176 1225 στρατοπέ-

280 1258 320 1300 D
352 1254 454 1322 ὃῳ,
499 1247 591 1315 τὴν
619 1245 876 1315 εὐκαιρίαν
907 1243 1312 1316 προσδεχόμενος
1334 1248 1436 1296 τῶν
1474 1244 1743 1310 πολεμίων.
1831 1241 1878 1294 οἳ
1903 1243 1957 1294 δὲ
1983 1241 2178 1292 Βανδί-

346 1342 457 1400 λοι,
501 1330 671 1398 ἐπειδὴ
702 1333 846 1400 σφίσι
871 1329 1086 1399 τάχιστα
1115 1330 1174 1382 τὸ
1207 1334 1404 1396 πνεῦμα
1431 1324 1665 1397 ἐγεγόνει,
1716 1325 1742 1380 ὃ
1776 1327 1839 1395 δὴ
1866 1327 1990 1388 τέως
2017 1347 2180 1395 καρα-

347 1423 615 1478 δοκοῦντες
642 1413 896 1486 ἐκάῧηντο
911 1457 927 1481 ,
965 1413 1213 1486 ἀράμενοί
1232 1437 1286 1468 τε
1307 1414 1372 1467 τά
1400 1414 1536 1467 ἱστία
1560 1415 1644 1466 καὶ
1666 1412 1731 1465 τὰ
1753 1418 1905 1465 πλοῖα
1932 1412 2181 1482 ἆᾳε-’λκον-
2252 1460 2254 1464 .

347 1526 430 1567 τες
469 1501 567 1557 ὅσα
620 1502 795 1564 αὐτοῖς
844 1501 1045 1571 ἀνδρῶν
1092 1501 1239 1566 κενὰ,
1301 1499 1471 1569 ὥσπερ
1520 1520 1610 1566 μοι
1656 1495 1904 1567 πρότερον
1954 1498 2174 1567 εἴρηται,
2193 1510 2246 1555 15

347 1584 759 1660 παρεσκεύαστο,
807 1586 982 1640 ἔπλεον
1011 1588 1089 1639 ἐπὶ
1114 1587 1235 1647 τοὶ-ς
1258 1586 1546 1652 πολεμίους.
1636 1580 1705 1646 ὥς
1728 1585 1783 1636 δὲ
1805 1583 1960 1652 ἀγχοῦ
1988 1582 2181 1652 ἐγένον-

350 1698 437 1740 το,
484 1679 586 1743 πῦρ
612 1674 662 1725 ἐν
685 1681 792 1734 τοῖς
819 1674 1013 1734 πλοίοις
1042 1673 1335 1738 ἐνθέμενοι,
1389 1669 1422 1722 ἃ
1458 1669 1520 1738 δὴ
1548 1669 1694 1723 αὐτοὶ
1725 1669 2018 1738 ἐφέλκοντες
2042 1663 2182 1736 ἦγον,

349 1760 741 1827 κεκολπωμένων
775 1757 951 1820 αὐτοῖς
984 1763 1088 1810 τῶν
1118 1758 1318 1821 ἱστίων,
1373 1755 1578 1826 ἀφῆκαν
1604 1756 1682 1807 ἐπὶ
1715 1755 1773 1808 τὸ
1797 1751 2186 1820 τιῦν“Ριυμαίων

351 1842 715 1916 στρατόπεδον.
805 1841 894 1896 ἅτε
937 1844 993 1895 δὲ
1032 1840 1268 1911 πλήθους
1299 1840 1447 1903 ὄντος
1479 1842 1712 1893 ἐνταῦθα
1753 1845 1917 1908 νηῶν,
1980 1838 2079 1907 ὅπη
2122 1838 2188 1891 τὰ

353 1935 508 1985 πλοῖα
545 1933 713 1982 ταῦτα
748 1929 1138 1998 προσπίπτοιεν,
1197 1923 1365 1980 ξ’καιόν
1398 1947 1452 1979 τε
1490 1925 1678 1999 ῥαδίως
1717 1927 1801 1978 καὶ
1838 1924 1970 1977 αὐτὰ
2011 1922 2087 1986 οἷς
2122 1923 2184 1977 ἂν

171 2035 208 2078 P
243 2033 325 2078 193
355 2017 648 2085 ξυμμίξαιεν
675 2011 889 2082 ἑτοίμως
909 2015 1334 2084 ξυνὸιεφθείρετο.
1420 2010 1556 2065 οὕτω
1580 2012 1635 2064 δὲ
1658 2016 1749 2064 τοῦ
1772 2011 1932 2082 πυρὸς
1952 2011 2191 2081 ἐπιφερο-

472 2155 515 2197 1.
545 2146 716 2204 ἄλλοις]
750 2148 808 2192 ἴσ.
840 2146 986 2200 ἄλλως
1014 2148 1125 2191 Hm:
1155 2149 1332 2191 frustra.
1461 2149 1528 2191 10.
1560 2142 1590 2204 ἢ
1620 2145 1696 2191 καὶ
1727 2145 1905 2204 βέλτιον
1936 2144 2063 2204 αὐτῷ
2090 2143 2191 2191 ἔνο·

469 2209 650 2263 μίσθη]
699 2206 958 2249 Themistius
999 2220 1041 2262 p.
1066 2207 1140 2260 59,
1166 2207 1232 2250 13.
1286 2201 1392 2250 ὅσοι
1421 2202 1470 2249 δὲ
1511 2199 1604 2248 ὑπ’
1636 2202 1882 2256 α’σθενείας
1910 2200 1941 2260 ἢ
1968 2207 2049 2259 τῆς
2076 2202 2191 2260 πρὸς

468 2265 523 2310 τὸ
553 2268 697 2310 τελεῖν
719 2259 956 2322 εὐλαβείας
977 2263 1006 2322 ἢ
1034 2263 1111 2308 καὶ
1130 2262 1308 2321 βέλτιον
1332 2261 1493 2315 αὐτοῖς
1515 2259 1742 2319 ἐνομίσθη
1769 2262 1936 2319 μένειν,
1970 2261 2187 2308 οὗτοι-.

2058 2337 2084 2363 τ

471 2379 548 2422 ubi
576 2378 796 2421 Iacobsius
835 2374 865 2434 ἢ
903 2374 974 2424 ὅτι
1001 2377 1079 2424 καὶ
1109 2376 1374 2434 requirebat.
1519 2378 1592 2423 11.
1623 2374 1770 2424 ἐποίει
1808 2380 1885 2433 τε]
1925 2375 2111 2435 ἐποίησέ
2139 2378 2212 2421 L«

472 2440 545 2482 20.
571 2431 721 2493 αὐτοὶ]
758 2431 895 2481 αὐτοὶ
922 2437 1017 2480 HL.
1075 2433 1238 2486 αὐτοῖς
1270 2433 1464 2479 Grotius.

361 2551 534 2608 cymbas
566 2557 737 2607 praesto
767 2549 891 2592 iussit
922 2563 1038 2594 esse:
1067 2555 1154 2594 tum
1183 2563 1264 2607 per
1292 2549 1598 2599 caduceatores
1626 2547 1875 2592 Basiliscum
1903 2547 2104 2605 rogavit,
2146 2554 2194 2592 ut

361 2608 564 2665 praelium
596 2608 638 2649 in
664 2609 771 2649 diem
803 2610 856 2650 ab
886 2608 957 2650 illo
987 2606 1175 2664 quintum
1204 2607 1429 2651 reiiceret:
1473 2607 1551 2653 hoc
1579 2606 1748 2650 interim
1777 2605 1919 2664 spatio
1950 2620 1998 2648 re
2028 2606 2194 2650 delibe-

362 2668 485 2717 rata,
515 2679 563 2707 se
593 2666 885 2708 confecturum
915 2665 1134 2722 promisit,
1177 2679 1290 2721 quae
1319 2664 1496 2707 maxime
1537 2679 1562 2706 e
1589 2663 1800 2707 sententia
1828 2665 1970 2706 forent
1999 2664 2193 2719 Impera-

360 2723 484 2772 toris.
546 2717 873 2764 Fertur'etiam
913 2723 1116 2778 grandem
1155 2722 1247 2765 auri
1278 2735 1478 2765 summam
1517 2720 1707 2774 misisse,
1749 2720 1957 2764 insciente
2001 2721 2194 2764 exercitu

364 2779 588 2831 Basilisci,
627 2780 776 2835 itaque
808 2782 883 2822 has
923 2781 1119 2822 inducias
1161 2778 1325 2822 emisse.
1387 2780 1510 2830 Quae
1553 2778 1721 2835 quidem
1761 2777 2004 2835 praestitit,
2035 2793 2087 2821 ea
2115 2792 2195 2835 spe

367 2837 548 2889 ductus,
575 2837 676 2878 fore
704 2842 773 2886 ut,
817 2837 930 2892 quod
961 2843 1006 2878 et
1035 2837 1245 2892 contigit,
1286 2836 1501 2878 secundus
1530 2842 1684 2878 ventus
1714 2837 1792 2878 hoc
1821 2836 2026 2890 temporis
2059 2836 2196 2877 inter-

366 2894 479 2937 vallo
509 2893 706 2936 oriretur.
763 2894 1019 2946 Basiliscus,
1049 2894 1166 2946 sive,
1195 2894 1258 2936 uti
1286 2899 1526 2949 receperat,
1556 2892 1712 2948 Aspari
1739 2892 2071 2948 gratificaretur,
2102 2893 2196 2935 sive

321 2957 536 3007 “tempus
560 2950 625 2992 rei
654 2951 763 2992 bene
794 2952 1009 3006 gerendae
1047 2951 1243 2994 idoneum
1274 2950 1456 3007 pecunia
1484 2949 1843 3002 venderet,.sive
1871 2949 1914 2990 id
1946 2949 2082 2992 satius
2111 2949 2196 2992 sibi

362 3021 465 3050 esse
505 3007 792 3060 existimaret,
835 3008 1058 3064 postulatis
1098 3009 1272 3058 annuit,
1315 3021 1450 3063 seque
1490 3005 1698 3050 continuit
1725 3005 1770 3048 in
1799 3007 1983 3059 castris,
2015 3021 2198 3050 commo-
2236 3016 2237 3019 ’

364 3064 469 3107 dum
499 3064 615 3106 hosti
645 3070 811 3120 tempus
840 3065 1081 3120 opperiens.
1142 3064 1355 3116 Vandali,
1382 3063 1507 3106 simul
1537 3069 1686 3106 ventus
1715 3064 1916 3113 surrexit,
1948 3078 2071 3119 quem
2102 3063 2195 3106 avi-

366 3122 426 3164 de
453 3121 771 3178 exspectando,
799 3122 984 3164 nondum
1016 3135 1063 3164 se
1091 3121 1184 3164 loco
1214 3129 1458 3172 moverant3
1495 3121 1639 3164 statim
1667 3121 1764 3163 vola
1793 3121 1988 3163 attollere
2006 3155 2015 3169 ,
2048 3127 2092 3163 et
2119 3135 2196 3162 na-

335 3189 340 3192 “
370 3179 490 3233 vigia
517 3192 682 3230 vacua,
714 3191 850 3233 quae,
883 3183 930 3220 ut
954 3192 1087 3234 supra
1118 3179 1271 3230 monui,
1301 3179 1514 3221 habebant
1542 3177 1585 3220 in
1615 3177 1845 3232 expedito,
1874 3180 2108 3229 trahentes,
2140 3176 2197 3220 ad

371 3237 536 3278 hostem
565 3236 837 3278 contendere.
897 3234 1106 3283 Provecti
1138 3236 1336 3292 propius,
1374 3235 1516 3291 ignem
1545 3235 1716 3291 scaphis
1745 3236 1928 3278 remulco
1959 3235 2067 3277 actis
2096 3234 2198 3277 inii-

374 3294 523 3347 ciunt,
553 3291 746 3348 velisque
768 3291 969 3344 sinuatis,
998 3305 1070 3333 eas
1099 3290 1143 3334 in
1173 3302 1314 3335 castra
1340 3291 1514 3335 navalia
1540 3293 1823 3336 Romanorum
1852 3291 2095 3335 dimittunt:
2122 3291 2198 3334 ubi
2229 3325 2238 3339 f

374 3350 569 3418 quoniam
598 3349 754 3392 densae
786 3353 906 3391 rates
949 3353 1094 3403 erant,
1140 3363 1396 3406 quocunque
1433 3349 1618 3404 scaphae
1646 3349 1747 3392 illae
1786 3349 2045 3400 inciderent,
2076 3348 2199 3391 flam·
2228 3351 2233 3402 'j

377 3421 484 3450 mam
514 3407 640 3450 facile
683 3407 1070 3460 communicabant,
1108 3410 1152 3448 et
1187 3421 1279 3450 cum
1308 3406 1362 3448 iis
1390 3405 1578 3463 pariter,
1620 3407 1772 3464 quibus
1801 3414 1926 3450 erant
1953 3406 2197 3462 permistae,

376 3465 572 3522 protinus
609 3464 1005 3522 corrumpebantur.
1070 3463 1140 3509 Ita
1179 3468 1407 3521 grassante
1450 3463 1674 3518 incendio,
1714 3464 1908 3509 Romana
1949 3462 2096 3507 classis
2124 3469 2198 3506 tu-
