<?xml version="1.0" encoding="UTF-8"?>
<!DOCTYPE html PUBLIC "-//W3C//DTD XHTML 1.0 Transitional//EN"
    "http://www.w3.org/TR/xhtml1/DTD/xhtml1-transitional.dtd">
<html xmlns="http://www.w3.org/1999/xhtml" xml:lang="en" lang="en">
 <head>
  <title>
</title>
<meta http-equiv="Content-Type" content="text/html;charset=utf-8" />
  <meta name='ocr-system' content='tesseract 3.04.00' />
  <meta name='ocr-capabilities' content='ocr_page ocr_carea ocr_par ocr_line ocrx_word'/>
</head>
<body>
  <div class='ocr_page' id='page_1' title='image "./corpusscriptorum43niebuoft/corpusscriptorum43niebuoft_0546.png"; bbox 0 0 2254 3814; ppageno 0'>
   <div class='ocr_carea' id='block_1_1' title="bbox 350 115 1421 173">
    <p class='ocr_par' dir='ltr' id='par_1_1' title="bbox 350 115 1421 173">
     <span class='ocr_line' id='line_1_1' title="bbox 350 115 1421 173; baseline -0.004 0"><span class='ocrx_word' id='word_1_1' title='bbox 350 115 469 173; x_wconf 78' lang='lat'><strong><em>524</em></strong></span> <span class='ocrx_word' id='word_1_2' title='bbox 1043 159 1045 161; x_wconf 84' lang='lat'>.</span> <span class='ocrx_word' id='word_1_3' title='bbox 1091 115 1421 171; x_wconf 88' lang='lat' dir='ltr'>PROCOPII</span> 
     </span>
    </p>
   </div>
   <div class='ocr_carea' id='block_1_2' title="bbox 342 249 2206 921">
    <p class='ocr_par' dir='ltr' id='par_1_2' title="bbox 342 249 2206 921">
     <span class='ocr_line' id='line_1_2' title="bbox 349 249 2205 332; baseline 0 -21"><span class='ocrx_word' id='word_1_4' title='bbox 349 254 624 332; x_wconf 75' lang='grc' dir='ltr'><strong><em>δορυφόρῳ</em></strong></span> <span class='ocrx_word' id='word_1_5' title='bbox 659 249 1140 325; x_wconf 74' lang='grc' dir='ltr'><em>κοινολογησάμενος</em></span> <span class='ocrx_word' id='word_1_6' title='bbox 1165 257 1223 309; x_wconf 84' lang='grc' dir='ltr'><strong><em>τὸ</em></strong></span> <span class='ocrx_word' id='word_1_7' title='bbox 1258 252 1518 324; x_wconf 73' lang='grc' dir='ltr'><em>βούλευμα</em></span> <span class='ocrx_word' id='word_1_8' title='bbox 1546 259 1717 310; x_wconf 79' lang='grc' dir='ltr'><em>τοῦτο.</em></span> <span class='ocrx_word' id='word_1_9' title='bbox 1805 259 1858 308; x_wconf 96' lang='grc' dir='ltr'><strong><em>Γ</em></strong></span> <span class='ocrx_word' id='word_1_10' title='bbox 1853 251 2086 327; x_wconf 85' lang='grc' dir='ltr'><strong><em>ρηγόριος</em></strong></span> <span class='ocrx_word' id='word_1_11' title='bbox 2111 255 2167 308; x_wconf 74' lang='grc' dir='ltr'><strong><em>δὲ</em></strong></span> <span class='ocrx_word' id='word_1_12' title='bbox 2198 305 2205 311; x_wconf 82' lang='lat'><em>.</em></span> 
     </span>
     <span class='ocr_line' id='line_1_3' title="bbox 350 338 2164 412; baseline -0.003 -15"><span class='ocrx_word' id='word_1_13' title='bbox 350 344 505 397; x_wconf 80' lang='grc' dir='ltr'><em>αὐτὸν</em></span> <span class='ocrx_word' id='word_1_14' title='bbox 532 345 582 405; x_wconf 80' lang='grc' dir='ltr'><strong><em>ἔς</em></strong></span> <span class='ocrx_word' id='word_1_15' title='bbox 624 343 715 410; x_wconf 72' lang='grc' dir='ltr'><em>τὴν</em></span> <span class='ocrx_word' id='word_1_16' title='bbox 748 345 931 411; x_wconf 82' lang='grc' dir='ltr'><em>πρᾶξιν</em></span> <span class='ocrx_word' id='word_1_17' title='bbox 967 339 1156 411; x_wconf 77' lang='grc' dir='ltr'><em>ἓνάγων</em></span> <span class='ocrx_word' id='word_1_18' title='bbox 1191 341 1321 404; x_wconf 71' lang='grc' dir='ltr'><em>ἔλεξε</em></span> <span class='ocrx_word' id='word_1_19' title='bbox 1349 339 1520 395; x_wconf 77' lang='grc' dir='ltr'><em>τοιάδε</em></span> <span class='ocrx_word' id='word_1_20' title='bbox 1557 338 1909 412; x_wconf 79' lang='grc' dir='ltr'><em>,,Ἀρταβᾶνη,</em></span> <span class='ocrx_word' id='word_1_21' title='bbox 1965 347 2056 393; x_wconf 87' lang='grc' dir='ltr'><strong><em>νῦν</em></strong></span> <span class='ocrx_word' id='word_1_22' title='bbox 2086 361 2164 393; x_wconf 91' lang='grc' dir='ltr'><em>σοι</em></span> 
     </span>
     <span class='ocr_line' id='line_1_4' title="bbox 349 425 2163 499; baseline -0.001 -18"><span class='ocrx_word' id='word_1_23' title='bbox 349 426 558 499; x_wconf 73' lang='grc' dir='ltr'><em>πάρεστι</em></span> <span class='ocrx_word' id='word_1_24' title='bbox 578 425 717 499; x_wconf 77' lang='grc' dir='ltr'><em>μόνῳ</em></span> <span class='ocrx_word' id='word_1_25' title='bbox 739 427 797 480; x_wconf 81' lang='grc' dir='ltr'><strong><em>τὸ</em></strong></span> <span class='ocrx_word' id='word_1_26' title='bbox 822 429 1126 497; x_wconf 81' lang='grc' dir='ltr'><em>Βελισαρίου</em></span> <span class='ocrx_word' id='word_1_27' title='bbox 1151 425 1515 494; x_wconf 74' lang='grc' dir='ltr'><em>ἀναδήσασθαι</em></span> <span class='ocrx_word' id='word_1_28' title='bbox 1538 426 1697 490; x_wconf 71' lang='grc' dir='ltr'><em>κλέος,</em></span> <span class='ocrx_word' id='word_1_29' title='bbox 1742 431 1938 493; x_wconf 80' lang='grc' dir='ltr'><em>μᾶλλον</em></span> <span class='ocrx_word' id='word_1_30' title='bbox 1959 426 2015 478; x_wconf 77' lang='grc' dir='ltr'><strong><em>δὲ</em></strong></span> <span class='ocrx_word' id='word_1_31' title='bbox 2039 425 2163 479; x_wconf 76' lang='grc' dir='ltr'><strong><em>αὐτὸ</em></strong></span> 
     </span>
     <span class='ocr_line' id='line_1_5' title="bbox 349 506 2167 584; baseline -0.002 -17"><span class='ocrx_word' id='word_1_32' title='bbox 349 516 432 567; x_wconf 83' lang='grc' dir='ltr'><em>καὶ</em></span> <span class='ocrx_word' id='word_1_33' title='bbox 454 516 625 584; x_wconf 78' lang='grc' dir='ltr'><em>πολλῷ</em></span> <span class='ocrx_word' id='word_1_34' title='bbox 650 511 722 564; x_wconf 67' lang='grc' dir='ltr'><strong><em>ἔτι</em></strong></span> <span class='ocrx_word' id='word_1_35' title='bbox 743 509 1174 579; x_wconf 69' lang='grc' dir='ltr'><em>ὑπερβάλλεσθαι.</em></span> <span class='ocrx_word' id='word_1_36' title='bbox 1248 509 1275 565; x_wconf 80' lang='grc' dir='ltr'><em>ὃ</em></span> <span class='ocrx_word' id='word_1_37' title='bbox 1297 512 1388 578; x_wconf 70' lang='grc' dir='ltr'><em>μέν</em></span> <span class='ocrx_word' id='word_1_38' title='bbox 1415 533 1468 582; x_wconf 80' lang='grc' dir='ltr'><em>γε</em></span> <span class='ocrx_word' id='word_1_39' title='bbox 1493 510 1737 581; x_wconf 81' lang='grc' dir='ltr'><em>στρατιὰν</em></span> <span class='ocrx_word' id='word_1_40' title='bbox 1764 506 2167 580; x_wconf 69' lang='grc' dir='ltr'><strong><em>ἀξιολογωτάτην</em></strong></span> 
     </span>
     <span class='ocr_line' id='line_1_6' title="bbox 348 589 2206 668; baseline -0.002 -18"><span class='ocrx_word' id='word_1_41' title='bbox 348 600 430 650; x_wconf 84' lang='grc' dir='ltr'><em>καὶ</em></span> <span class='ocrx_word' id='word_1_42' title='bbox 461 594 704 668; x_wconf 81' lang='grc' dir='ltr'><em>χρήματα</em></span> <span class='ocrx_word' id='word_1_43' title='bbox 745 594 939 666; x_wconf 79' lang='grc' dir='ltr'><em>μεγάλα</em></span> <span class='ocrx_word' id='word_1_44' title='bbox 977 597 1116 666; x_wconf 77' lang='grc' dir='ltr'><em>παρὰ</em></span> <span class='ocrx_word' id='word_1_45' title='bbox 1145 597 1393 664; x_wconf 73' lang='grc' dir='ltr'><em>βασιλέως</em></span> <span class='ocrx_word' id='word_1_46' title='bbox 1431 597 1605 663; x_wconf 77' lang='grc' dir='ltr'><em>λαβὼν</em></span> <span class='ocrx_word' id='word_1_47' title='bbox 1631 597 1862 649; x_wconf 73' lang='grc' dir='ltr'><em>ἐνταῦθα</em></span> <span class='ocrx_word' id='word_1_48' title='bbox 1888 589 2034 664; x_wconf 69' lang='grc' dir='ltr'><em>ἧκεν,</em></span> <span class='ocrx_word' id='word_1_49' title='bbox 2070 594 2206 665; x_wconf 61' lang='lat' dir='ltr'><strong><em>‘’lp-5</em></strong></span> 
     </span>
     <span class='ocr_line' id='line_1_7' title="bbox 342 677 2165 750; baseline -0.001 -16"><span class='ocrx_word' id='word_1_50' title='bbox 342 704 529 750; x_wconf 83' lang='grc' dir='ltr'><em>χοντας</em></span> <span class='ocrx_word' id='word_1_51' title='bbox 564 683 657 750; x_wconf 72' lang='grc' dir='ltr'><em>μὲν</em></span> <span class='ocrx_word' id='word_1_52' title='bbox 701 680 828 750; x_wconf 61' lang='grc' dir='ltr'><em>ἔχων</em></span> <span class='ocrx_word' id='word_1_53' title='bbox 858 679 980 743; x_wconf 79' lang='grc' dir='ltr'><em>τούς</em></span> <span class='ocrx_word' id='word_1_54' title='bbox 1034 683 1082 735; x_wconf 77' lang='grc' dir='ltr'><strong><em>οἳ</em></strong></span> <span class='ocrx_word' id='word_1_55' title='bbox 1129 680 1404 749; x_wconf 67' lang='grc' dir='ltr'><em>ἑπομένους</em></span> <span class='ocrx_word' id='word_1_56' title='bbox 1450 683 1534 734; x_wconf 77' lang='grc' dir='ltr'><em>καὶ</em></span> <span class='ocrx_word' id='word_1_57' title='bbox 1572 677 1893 749; x_wconf 76' lang='grc' dir='ltr'><em>ξυμβούλους</em></span> <span class='ocrx_word' id='word_1_58' title='bbox 1928 680 2165 745; x_wconf 74' lang='grc' dir='ltr'><em>πολλοὺς,</em></span> 
     </span>
     <span class='ocr_line' id='line_1_8' title="bbox 342 765 2166 838; baseline -0.001 -18"><span class='ocrx_word' id='word_1_59' title='bbox 342 765 526 820; x_wconf 82' lang='grc' dir='ltr'><em>στόλον</em></span> <span class='ocrx_word' id='word_1_60' title='bbox 549 767 605 819; x_wconf 75' lang='grc' dir='ltr'><strong><em>δὲ</em></strong></span> <span class='ocrx_word' id='word_1_61' title='bbox 627 772 761 836; x_wconf 84' lang='grc' dir='ltr'><em>νηῶν</em></span> <span class='ocrx_word' id='word_1_62' title='bbox 806 765 913 820; x_wconf 74' lang='grc' dir='ltr'><em>οἷον</em></span> <span class='ocrx_word' id='word_1_63' title='bbox 961 765 1105 821; x_wconf 66' lang='grc' dir='ltr'><em>οἷῗπω</em></span> <span class='ocrx_word' id='word_1_64' title='bbox 1145 765 1288 836; x_wconf 78' lang='grc' dir='ltr'><em>ἡμεῖς</em></span> <span class='ocrx_word' id='word_1_65' title='bbox 1324 766 1452 838; x_wconf 80' lang='grc' dir='ltr'><em>ἀκοῇ</em></span> <span class='ocrx_word' id='word_1_66' title='bbox 1481 766 1653 833; x_wconf 72' lang='grc' dir='ltr'><em>ἴσμεν,</em></span> <span class='ocrx_word' id='word_1_67' title='bbox 1696 767 1855 820; x_wconf 64' lang='grc' dir='ltr'><em>ἰ’ππον</em></span> <span class='ocrx_word' id='word_1_68' title='bbox 1893 767 1948 820; x_wconf 79' lang='grc' dir='ltr'><strong><em>δὲ</em></strong></span> <span class='ocrx_word' id='word_1_69' title='bbox 1973 765 2166 835; x_wconf 80' lang='grc' dir='ltr'><em>πολλὴν</em></span> 
     </span>
     <span class='ocr_line' id='line_1_9' title="bbox 342 850 2166 921; baseline -0.001 -17"><span class='ocrx_word' id='word_1_70' title='bbox 342 854 424 904; x_wconf 80' lang='grc' dir='ltr'><em>καὶ</em></span> <span class='ocrx_word' id='word_1_71' title='bbox 462 851 594 905; x_wconf 82' lang='grc' dir='ltr'><em>ὅπλα</em></span> <span class='ocrx_word' id='word_1_72' title='bbox 627 854 711 905; x_wconf 81' lang='grc' dir='ltr'><em>καὶ</em></span> <span class='ocrx_word' id='word_1_73' title='bbox 739 852 804 905; x_wconf 80' lang='grc' dir='ltr'><strong><em>τὰ</em></strong></span> <span class='ocrx_word' id='word_1_74' title='bbox 841 852 972 905; x_wconf 71' lang='grc' dir='ltr'><em>ἄλλα</em></span> <span class='ocrx_word' id='word_1_75' title='bbox 998 850 1173 915; x_wconf 81' lang='grc' dir='ltr'><em>ἅπλῶς</em></span> <span class='ocrx_word' id='word_1_76' title='bbox 1202 854 1354 906; x_wconf 82' lang='grc' dir='ltr'><em>εἷπεΐν</em></span> <span class='ocrx_word' id='word_1_77' title='bbox 1389 853 1604 915; x_wconf 73' lang='grc' dir='ltr'><em>ἐπαξίως</em></span> <span class='ocrx_word' id='word_1_78' title='bbox 1634 851 1683 905; x_wconf 79' lang='grc' dir='ltr'><strong><em>οἳ</em></strong></span> <span class='ocrx_word' id='word_1_79' title='bbox 1719 850 2166 921; x_wconf 73' lang='grc' dir='ltr'><strong><em>παρεσκευασμένα</em></strong></span> 
     </span>
    </p>
   </div>
   <div class='ocr_carea' id='block_1_3' title="bbox 275 933 2167 1010">
    <p class='ocr_par' dir='ltr' id='par_1_3' title="bbox 275 933 2167 1010">
     <span class='ocr_line' id='line_1_10' title="bbox 275 933 2167 1010; baseline -0.001 -20"><span class='ocrx_word' id='word_1_80' title='bbox 275 934 313 977; x_wconf 82' lang='lat' dir='ltr'>D</span> <span class='ocrx_word' id='word_1_81' title='bbox 343 942 438 1006; x_wconf 80' lang='grc' dir='ltr'><strong><em>τῆς</em></strong></span> <span class='ocrx_word' id='word_1_82' title='bbox 456 935 716 1004; x_wconf 86' lang='grc' dir='ltr'><em>Ῥωμαίων</em></span> <span class='ocrx_word' id='word_1_83' title='bbox 745 937 922 1007; x_wconf 75' lang='grc' dir='ltr'><em>ἀρχῆς.</em></span> <span class='ocrx_word' id='word_1_84' title='bbox 1010 937 1145 991; x_wconf 63' lang='grc' dir='ltr'><strong><em>οὕτω</em></strong></span> <span class='ocrx_word' id='word_1_85' title='bbox 1187 959 1241 991; x_wconf 89' lang='grc' dir='ltr'><strong><em>τε</em></strong></span> <span class='ocrx_word' id='word_1_86' title='bbox 1278 935 1419 1010; x_wconf 81' lang='grc' dir='ltr'><em>πόνῳ</em></span> <span class='ocrx_word' id='word_1_87' title='bbox 1451 941 1624 1010; x_wconf 77' lang='grc' dir='ltr'><em>πολλῷ</em></span> <span class='ocrx_word' id='word_1_88' title='bbox 1654 934 1934 991; x_wconf 80' lang='grc' dir='ltr'><em>διεσώσατο</em></span> <span class='ocrx_word' id='word_1_89' title='bbox 1955 933 2167 1004; x_wconf 79' lang='grc' dir='ltr'><em>Λιβύην</em></span> 
     </span>
    </p>
   </div>
   <div class='ocr_carea' id='block_1_4' title="bbox 159 1459 305 1504">
    <p class='ocr_par' dir='ltr' id='par_1_4' title="bbox 159 1459 305 1504">
     <span class='ocr_line' id='line_1_11' title="bbox 159 1459 305 1504; baseline 0.014 -2"><span class='ocrx_word' id='word_1_90' title='bbox 159 1460 195 1502; x_wconf 93' lang='grc' dir='ltr'><strong>Ρ</strong></span> <span class='ocrx_word' id='word_1_91' title='bbox 226 1459 305 1504; x_wconf 89' lang='grc'><strong><em>301</em></strong></span> 
     </span>
    </p>
   </div>
   <div class='ocr_carea' id='block_1_5' title="bbox 332 1019 2236 1092">
    <p class='ocr_par' dir='ltr' id='par_1_5' title="bbox 332 1019 2236 1092">
     <span class='ocr_line' id='line_1_12' title="bbox 332 1019 2236 1092; baseline -0.002 -17"><span class='ocrx_word' id='word_1_92' title='bbox 332 1019 615 1091; x_wconf 85' lang='grc' dir='ltr'><em>Ῥωμαίοις.</em></span> <span class='ocrx_word' id='word_1_93' title='bbox 704 1021 830 1092; x_wconf 79' lang='grc' dir='ltr'><em>ἅπερ</em></span> <span class='ocrx_word' id='word_1_94' title='bbox 871 1021 1072 1077; x_wconf 83' lang='grc' dir='ltr'><em>ἅπαντα</em></span> <span class='ocrx_word' id='word_1_95' title='bbox 1116 1020 1279 1085; x_wconf 73' lang='grc' dir='ltr'><em>οὕτως</em></span> <span class='ocrx_word' id='word_1_96' title='bbox 1316 1020 1577 1077; x_wconf 77' lang='grc' dir='ltr'><em>ἀπόλωλεν</em></span> <span class='ocrx_word' id='word_1_97' title='bbox 1615 1019 1777 1088; x_wconf 75' lang='grc' dir='ltr'><em>ὥστε,</em></span> <span class='ocrx_word' id='word_1_98' title='bbox 1835 1024 1878 1075; x_wconf 78' lang='grc' dir='ltr'><em>εἰ</em></span> <span class='ocrx_word' id='word_1_99' title='bbox 1917 1022 2049 1091; x_wconf 74' lang='grc' dir='ltr'><em>μηδὲ</em></span> <span class='ocrx_word' id='word_1_100' title='bbox 2072 1021 2165 1088; x_wconf 86' lang='grc' dir='ltr'><em>τὴν</em></span> <span class='ocrx_word' id='word_1_101' title='bbox 2182 1028 2236 1070; x_wconf 90' lang='grc'><strong><em>10</em></strong></span> 
     </span>
    </p>
   </div>
   <div class='ocr_carea' id='block_1_6' title="bbox 329 1104 2254 2117">
    <p class='ocr_par' dir='ltr' id='par_1_6' title="bbox 329 1104 2254 2117">
     <span class='ocr_line' id='line_1_13' title="bbox 338 1104 2167 1181; baseline -0.002 -20"><span class='ocrx_word' id='word_1_102' title='bbox 338 1107 500 1178; x_wconf 76' lang='grc' dir='ltr'><em>ἀρχὴν</em></span> <span class='ocrx_word' id='word_1_103' title='bbox 540 1105 772 1178; x_wconf 75' lang='grc' dir='ltr'><em>ἐγεγόνει,</em></span> <span class='ocrx_word' id='word_1_104' title='bbox 816 1108 868 1161; x_wconf 73' lang='grc' dir='ltr'><em>ἕν</em></span> <span class='ocrx_word' id='word_1_105' title='bbox 891 1129 944 1178; x_wconf 82' lang='grc' dir='ltr'><em>γε</em></span> <span class='ocrx_word' id='word_1_106' title='bbox 975 1114 1048 1181; x_wconf 76' lang='grc' dir='ltr'><strong><em>τῷ</em></strong></span> <span class='ocrx_word' id='word_1_107' title='bbox 1073 1105 1289 1178; x_wconf 82' lang='grc' dir='ltr'><em>παρόντι</em></span> <span class='ocrx_word' id='word_1_108' title='bbox 1326 1109 1378 1160; x_wconf 76' lang='grc' dir='ltr'><em>ἕν</em></span> <span class='ocrx_word' id='word_1_109' title='bbox 1402 1108 1496 1181; x_wconf 70' lang='grc' dir='ltr'><em>ἴσῳ</em></span> <span class='ocrx_word' id='word_1_110' title='bbox 1527 1105 1651 1160; x_wconf 79' lang='grc' dir='ltr'><em>εἶναι</em></span> <span class='ocrx_word' id='word_1_111' title='bbox 1668 1122 1681 1135; x_wconf 92' lang='grc'><em>·</em></span> <span class='ocrx_word' id='word_1_112' title='bbox 1768 1104 1900 1175; x_wconf 82' lang='grc' dir='ltr'><em>πλήν</em></span> <span class='ocrx_word' id='word_1_113' title='bbox 1920 1127 1973 1176; x_wconf 85' lang='grc' dir='ltr'><em>γε</em></span> <span class='ocrx_word' id='word_1_114' title='bbox 1998 1106 2062 1175; x_wconf 75' lang='grc' dir='ltr'><strong><em>δὴ</em></strong></span> <span class='ocrx_word' id='word_1_115' title='bbox 2089 1105 2167 1160; x_wconf 85' lang='grc' dir='ltr'><strong><em>ὅτι</em></strong></span> 
     </span>
     <span class='ocr_line' id='line_1_14' title="bbox 337 1189 2167 1264; baseline -0.001 -18"><span class='ocrx_word' id='word_1_116' title='bbox 337 1192 660 1264; x_wconf 74' lang='grc' dir='ltr'><em>ἀποκέκριται</em></span> <span class='ocrx_word' id='word_1_117' title='bbox 682 1191 948 1261; x_wconf 86' lang='grc' dir='ltr'><em>Ῥωμαίοις</em></span> <span class='ocrx_word' id='word_1_118' title='bbox 970 1199 1128 1246; x_wconf 78' lang='grc' dir='ltr'><em>τανῦν</em></span> <span class='ocrx_word' id='word_1_119' title='bbox 1158 1194 1212 1246; x_wconf 74' lang='grc' dir='ltr'><strong><em>ἐκ</em></strong></span> <span class='ocrx_word' id='word_1_120' title='bbox 1237 1198 1329 1262; x_wconf 79' lang='grc' dir='ltr'><strong><em>τῆς</em></strong></span> <span class='ocrx_word' id='word_1_121' title='bbox 1351 1193 1655 1263; x_wconf 82' lang='grc' dir='ltr'><em>Βελισαρίου</em></span> <span class='ocrx_word' id='word_1_122' title='bbox 1684 1191 1825 1260; x_wconf 80' lang='grc' dir='ltr'><em>νίκης</em></span> <span class='ocrx_word' id='word_1_123' title='bbox 1849 1199 1956 1254; x_wconf 78' lang='grc' dir='ltr'><em>τοῖς</em></span> <span class='ocrx_word' id='word_1_124' title='bbox 1982 1212 2035 1244; x_wconf 88' lang='grc' dir='ltr'><strong><em>τε</em></strong></span> <span class='ocrx_word' id='word_1_125' title='bbox 2062 1189 2167 1245; x_wconf 65' lang='grc' dir='ltr'><em>στό-</em></span> 
     </span>
     <span class='ocr_line' id='line_1_15' title="bbox 336 1274 2166 1350; baseline -0.001 -19"><span class='ocrx_word' id='word_1_126' title='bbox 336 1299 463 1347; x_wconf 90' lang='grc' dir='ltr'><em>μασι</em></span> <span class='ocrx_word' id='word_1_127' title='bbox 504 1280 587 1331; x_wconf 83' lang='grc' dir='ltr'><em>καὶ</em></span> <span class='ocrx_word' id='word_1_128' title='bbox 617 1275 875 1348; x_wconf 80' lang='grc' dir='ltr'><em>χρήμασιν</em></span> <span class='ocrx_word' id='word_1_129' title='bbox 906 1279 1222 1346; x_wconf 75' lang='grc' dir='ltr'><em>ἐζημιῶσθαι</em></span> <span class='ocrx_word' id='word_1_130' title='bbox 1235 1320 1253 1344; x_wconf 84' lang='grc'>,</span> <span class='ocrx_word' id='word_1_131' title='bbox 1298 1279 1381 1332; x_wconf 79' lang='grc' dir='ltr'><em>καὶ</em></span> <span class='ocrx_word' id='word_1_132' title='bbox 1418 1274 1546 1350; x_wconf 88' lang='grc' dir='ltr'><strong><em>πρός</em></strong></span> <span class='ocrx_word' id='word_1_133' title='bbox 1566 1298 1620 1347; x_wconf 80' lang='grc' dir='ltr'><em>γε</em></span> <span class='ocrx_word' id='word_1_134' title='bbox 1647 1276 1706 1330; x_wconf 83' lang='grc' dir='ltr'><strong><em>τὸ</em></strong></span> <span class='ocrx_word' id='word_1_135' title='bbox 1727 1276 1801 1345; x_wconf 87' lang='grc' dir='ltr'><strong><em>μὴ</em></strong></span> <span class='ocrx_word' id='word_1_136' title='bbox 1825 1274 2047 1348; x_wconf 80' lang='grc' dir='ltr'><em>φυλάξαι</em></span> <span class='ocrx_word' id='word_1_137' title='bbox 2072 1276 2166 1330; x_wconf 81' lang='grc' dir='ltr'><strong><em>τά-</em></strong></span> 
     </span>
     <span class='ocr_line' id='line_1_16' title="bbox 336 1359 2164 1433; baseline -0.001 -17"><span class='ocrx_word' id='word_1_138' title='bbox 336 1364 479 1433; x_wconf 79' lang='grc' dir='ltr'><em>γαθὰ</em></span> <span class='ocrx_word' id='word_1_139' title='bbox 506 1366 743 1425; x_wconf 69' lang='grc' dir='ltr'><em>δυνατοῖς</em></span> <span class='ocrx_word' id='word_1_140' title='bbox 763 1363 1027 1433; x_wconf 77' lang='grc' dir='ltr'><em>γεγονέναι.</em></span> <span class='ocrx_word' id='word_1_141' title='bbox 1110 1363 1170 1417; x_wconf 82' lang='grc' dir='ltr'><strong><em>τὸ</em></strong></span> <span class='ocrx_word' id='word_1_142' title='bbox 1199 1365 1254 1417; x_wconf 76' lang='grc' dir='ltr'><strong><em>δὲ</em></strong></span> <span class='ocrx_word' id='word_1_143' title='bbox 1285 1361 1453 1416; x_wconf 81' lang='grc' dir='ltr'><em>πάντα</em></span> <span class='ocrx_word' id='word_1_144' title='bbox 1478 1368 1644 1417; x_wconf 83' lang='grc' dir='ltr'><em>ταῦτα</em></span> <span class='ocrx_word' id='word_1_145' title='bbox 1670 1359 2047 1416; x_wconf 80' lang='grc' dir='ltr'><em>ανασῶσασθαι</em></span> <span class='ocrx_word' id='word_1_146' title='bbox 2070 1384 2164 1415; x_wconf 87' lang='grc' dir='ltr'><strong><em>τα-</em></strong></span> 
     </span>
     <span class='ocr_line' id='line_1_17' title="bbox 338 1445 2254 1523; baseline -0.001 -21"><span class='ocrx_word' id='word_1_147' title='bbox 338 1454 428 1503; x_wconf 83' lang='grc' dir='ltr'><em>νῦν</em></span> <span class='ocrx_word' id='word_1_148' title='bbox 466 1453 669 1522; x_wconf 83' lang='grc' dir='ltr'><em>βασιλεῖ</em></span> <span class='ocrx_word' id='word_1_149' title='bbox 702 1449 754 1502; x_wconf 76' lang='grc' dir='ltr'><em>ἔν</em></span> <span class='ocrx_word' id='word_1_150' title='bbox 793 1454 858 1520; x_wconf 84' lang='grc' dir='ltr'><strong><em>τῇ</em></strong></span> <span class='ocrx_word' id='word_1_151' title='bbox 889 1454 954 1520; x_wconf 87' lang='grc' dir='ltr'><em>σῇ</em></span> <span class='ocrx_word' id='word_1_152' title='bbox 992 1446 1125 1520; x_wconf 84' lang='grc' dir='ltr'><em>μόνῃ</em></span> <span class='ocrx_word' id='word_1_153' title='bbox 1163 1454 1309 1520; x_wconf 83' lang='grc' dir='ltr'><em>ψυχῇ</em></span> <span class='ocrx_word' id='word_1_154' title='bbox 1346 1451 1430 1502; x_wconf 77' lang='grc' dir='ltr'><em>καὶ</em></span> <span class='ocrx_word' id='word_1_155' title='bbox 1466 1445 1641 1519; x_wconf 81' lang='grc' dir='ltr'><em>γνώμη</em></span> <span class='ocrx_word' id='word_1_156' title='bbox 1681 1450 1765 1501; x_wconf 83' lang='grc' dir='ltr'><em>καὶ</em></span> <span class='ocrx_word' id='word_1_157' title='bbox 1806 1450 1944 1523; x_wconf 74' lang='grc' dir='ltr'><em>δεξιᾷ</em></span> <span class='ocrx_word' id='word_1_158' title='bbox 1988 1455 2159 1503; x_wconf 82' lang='grc' dir='ltr'><em>κεῖται.</em></span> <span class='ocrx_word' id='word_1_159' title='bbox 2181 1452 2254 1500; x_wconf 76' lang='grc'><strong><em>151</em></strong></span> 
     </span>
     <span class='ocr_line' id='line_1_18' title="bbox 339 1532 2254 1606; baseline -0.001 -19"><span class='ocrx_word' id='word_1_160' title='bbox 339 1533 523 1588; x_wconf 75' lang='grc' dir='ltr'><em>οὐκοῦν</em></span> <span class='ocrx_word' id='word_1_161' title='bbox 551 1535 801 1606; x_wconf 66' lang='grc' dir='ltr'><em>ε’μλογίζου</em></span> <span class='ocrx_word' id='word_1_162' title='bbox 824 1536 918 1602; x_wconf 76' lang='grc' dir='ltr'><em>μὲν</em></span> <span class='ocrx_word' id='word_1_163' title='bbox 954 1532 1023 1596; x_wconf 78' lang='grc' dir='ltr'><strong><em>ὥς</em></strong></span> <span class='ocrx_word' id='word_1_164' title='bbox 1050 1532 1095 1587; x_wconf 90' lang='grc' dir='ltr'><em>ει</em></span> <span class='ocrx_word' id='word_1_165' title='bbox 1118 1535 1422 1604; x_wconf 78' lang='grc' dir='ltr'><em>Ἀρσακίδης</em></span> <span class='ocrx_word' id='word_1_166' title='bbox 1450 1533 1698 1588; x_wconf 67' lang='grc' dir='ltr'><em>ἀνέκαθεν</em></span> <span class='ocrx_word' id='word_1_167' title='bbox 1722 1533 1888 1603; x_wconf 72' lang='grc' dir='ltr'><em>γένος,</em></span> <span class='ocrx_word' id='word_1_168' title='bbox 1936 1535 2163 1599; x_wconf 76' lang='grc' dir='ltr'><em>ἐνθυμοῦ</em></span> <span class='ocrx_word' id='word_1_169' title='bbox 2253 1545 2254 1566; x_wconf 64' lang='lat'>¹</span> 
     </span>
     <span class='ocr_line' id='line_1_19' title="bbox 338 1617 2164 1690; baseline 0 -18"><span class='ocrx_word' id='word_1_170' title='bbox 338 1620 394 1672; x_wconf 79' lang='grc' dir='ltr'><strong><em>δὲ</em></strong></span> <span class='ocrx_word' id='word_1_171' title='bbox 423 1617 492 1682; x_wconf 81' lang='grc' dir='ltr'><strong><em>ὡς</em></strong></span> <span class='ocrx_word' id='word_1_172' title='bbox 519 1621 626 1681; x_wconf 81' lang='grc' dir='ltr'><em>τοῖς</em></span> <span class='ocrx_word' id='word_1_173' title='bbox 650 1641 704 1672; x_wconf 88' lang='grc' dir='ltr'><em>ευ</em></span> <span class='ocrx_word' id='word_1_174' title='bbox 725 1617 950 1690; x_wconf 77' lang='grc' dir='ltr'><strong><em>γεγονόσι</em></strong></span> <span class='ocrx_word' id='word_1_175' title='bbox 987 1620 1461 1689; x_wconf 73' lang='grc' dir='ltr'><em>ἀνδραγαθίζεσθαι</em></span> <span class='ocrx_word' id='word_1_176' title='bbox 1487 1620 1580 1688; x_wconf 73' lang='grc' dir='ltr'><em>μὲν</em></span> <span class='ocrx_word' id='word_1_177' title='bbox 1616 1618 1698 1672; x_wconf 75' lang='grc' dir='ltr'><em>ἀεί</em></span> <span class='ocrx_word' id='word_1_178' title='bbox 1719 1640 1772 1672; x_wconf 89' lang='grc' dir='ltr'><strong><em>τε</em></strong></span> <span class='ocrx_word' id='word_1_179' title='bbox 1797 1621 1880 1671; x_wconf 82' lang='grc' dir='ltr'><em>καὶ</em></span> <span class='ocrx_word' id='word_1_180' title='bbox 1904 1625 2164 1687; x_wconf 83' lang='grc' dir='ltr'><em>πανταχοῦ</em></span> 
     </span>
     <span class='ocr_line' id='line_1_20' title="bbox 337 1703 2164 1776; baseline 0 -18"><span class='ocrx_word' id='word_1_181' title='bbox 337 1704 529 1774; x_wconf 71' lang='grc' dir='ltr'><em>πρέπει.</em></span> <span class='ocrx_word' id='word_1_182' title='bbox 614 1705 778 1759; x_wconf 81' lang='grc' dir='ltr'><em>πολλὰ</em></span> <span class='ocrx_word' id='word_1_183' title='bbox 811 1710 934 1775; x_wconf 79' lang='grc' dir='ltr'><em>γοῦν</em></span> <span class='ocrx_word' id='word_1_184' title='bbox 968 1725 1049 1759; x_wconf 94' lang='grc' dir='ltr'><em>σοι</em></span> <span class='ocrx_word' id='word_1_185' title='bbox 1084 1705 1204 1776; x_wconf 67' lang='grc' dir='ltr'><em>ἔργα</em></span> <span class='ocrx_word' id='word_1_186' title='bbox 1240 1703 1368 1775; x_wconf 72' lang='grc' dir='ltr'><strong><em>ὑπὲρ</em></strong></span> <span class='ocrx_word' id='word_1_187' title='bbox 1407 1711 1501 1773; x_wconf 79' lang='grc' dir='ltr'><strong><em>τῆς</em></strong></span> <span class='ocrx_word' id='word_1_188' title='bbox 1549 1706 1842 1774; x_wconf 71' lang='grc' dir='ltr'><strong><em>ἐλευθερίας</em></strong></span> <span class='ocrx_word' id='word_1_189' title='bbox 1877 1705 2164 1771; x_wconf 79' lang='grc' dir='ltr'><em>θαυμαστὰ</em></span> 
     </span>
     <span class='ocr_line' id='line_1_21' title="bbox 338 1789 2159 1861; baseline -0.001 -17"><span class='ocrx_word' id='word_1_190' title='bbox 338 1791 637 1861; x_wconf 73' lang='grc' dir='ltr'><em>πέπρακται.</em></span> <span class='ocrx_word' id='word_1_191' title='bbox 721 1789 947 1844; x_wconf 78' lang='grc' dir='ltr'><em>Ἀκάκιον</em></span> <span class='ocrx_word' id='word_1_192' title='bbox 970 1791 1067 1861; x_wconf 77' lang='grc' dir='ltr'><strong><em>γὰρ</em></strong></span> <span class='ocrx_word' id='word_1_193' title='bbox 1082 1831 1097 1856; x_wconf 88' lang='grc'><strong><em>,</em></strong></span> <span class='ocrx_word' id='word_1_194' title='bbox 1145 1791 1256 1854; x_wconf 74' lang='grc' dir='ltr'><em>νέος</em></span> <span class='ocrx_word' id='word_1_195' title='bbox 1279 1791 1350 1845; x_wconf 81' lang='grc' dir='ltr'><em>ὢν</em></span> <span class='ocrx_word' id='word_1_196' title='bbox 1375 1789 1445 1845; x_wconf 65' lang='grc' dir='ltr'><strong><em>ἔτι</em></strong></span> <span class='ocrx_word' id='word_1_197' title='bbox 1461 1832 1478 1856; x_wconf 86' lang='grc'><em>,</em></span> <span class='ocrx_word' id='word_1_198' title='bbox 1522 1789 1613 1843; x_wconf 83' lang='grc' dir='ltr'><em>τὸν</em></span> <span class='ocrx_word' id='word_1_199' title='bbox 1626 1789 1896 1861; x_wconf 84' lang='grc' dir='ltr'><strong><em>Ἀρμενίων</em></strong></span> <span class='ocrx_word' id='word_1_200' title='bbox 1918 1789 2159 1860; x_wconf 76' lang='grc' dir='ltr'><em>ἄρχοντα,</em></span> 
     </span>
     <span class='ocr_line' id='line_1_22' title="bbox 336 1873 2232 1947; baseline -0.001 -19"><span class='ocrx_word' id='word_1_201' title='bbox 336 1877 419 1928; x_wconf 87' lang='grc' dir='ltr'><em>καὶ</em></span> <span class='ocrx_word' id='word_1_202' title='bbox 454 1878 642 1929; x_wconf 78' lang='grc' dir='ltr'><em>Σίτταν</em></span> <span class='ocrx_word' id='word_1_203' title='bbox 680 1875 770 1929; x_wconf 82' lang='grc' dir='ltr'><em>τὸν</em></span> <span class='ocrx_word' id='word_1_204' title='bbox 802 1873 1075 1943; x_wconf 59' lang='grc' dir='ltr'><em>(Ρωμαίων</em></span> <span class='ocrx_word' id='word_1_205' title='bbox 1112 1876 1398 1947; x_wconf 80' lang='grc' dir='ltr'><em>στρατηγὸν</em></span> <span class='ocrx_word' id='word_1_206' title='bbox 1434 1875 1682 1940; x_wconf 69' lang='grc' dir='ltr'><em>ἔκτεινας,</em></span> <span class='ocrx_word' id='word_1_207' title='bbox 1742 1877 1826 1928; x_wconf 78' lang='grc' dir='ltr'><em>καὶ</em></span> <span class='ocrx_word' id='word_1_208' title='bbox 1862 1875 1959 1927; x_wconf 78' lang='grc' dir='ltr'><strong><em>ἀπ’</em></strong></span> <span class='ocrx_word' id='word_1_209' title='bbox 2000 1876 2232 1929; x_wconf 71' lang='grc' dir='ltr'><em>αὐτοῦΞΟ</em></span> 
     </span>
     <span class='ocr_line' id='line_1_23' title="bbox 331 1957 2161 2035; baseline 0 -22"><span class='ocrx_word' id='word_1_210' title='bbox 331 1958 547 2033; x_wconf 83' lang='grc' dir='ltr'><em>Χοσρόῃ</em></span> <span class='ocrx_word' id='word_1_211' title='bbox 570 1966 776 2029; x_wconf 81' lang='grc' dir='ltr'><em>βασιλεῖ’</em></span> <span class='ocrx_word' id='word_1_212' title='bbox 797 1959 1048 2031; x_wconf 77' lang='grc' dir='ltr'><em>γνώριμος</em></span> <span class='ocrx_word' id='word_1_213' title='bbox 1067 1962 1278 2031; x_wconf 78' lang='grc' dir='ltr'><em>γεγονώς</em></span> <span class='ocrx_word' id='word_1_214' title='bbox 1301 1961 1390 2025; x_wconf 77' lang='grc' dir='ltr'><em>ξὺν</em></span> <span class='ocrx_word' id='word_1_215' title='bbox 1415 1960 1555 2035; x_wconf 76' lang='grc' dir='ltr'><em>αὐτῷ</em></span> <span class='ocrx_word' id='word_1_216' title='bbox 1581 1962 1659 2013; x_wconf 70' lang='grc' dir='ltr'><strong><em>ἐπὶ</em></strong></span> <span class='ocrx_word' id='word_1_217' title='bbox 1677 1957 1956 2028; x_wconf 79' lang='grc' dir='ltr'><em>Ῥωμαίους</em></span> <span class='ocrx_word' id='word_1_218' title='bbox 1977 1959 2161 2030; x_wconf 71' lang='grc' dir='ltr'><em>ἐστρά-</em></span> 
     </span>
     <span class='ocr_line' id='line_1_24' title="bbox 329 2043 2161 2117; baseline 0 -18"><span class='ocrx_word' id='word_1_219' title='bbox 329 2067 528 2108; x_wconf 89' lang='grc' dir='ltr'><em>τευσας.</em></span> <span class='ocrx_word' id='word_1_220' title='bbox 619 2046 724 2099; x_wconf 76' lang='grc' dir='ltr'><em>ἐπεὶ</em></span> <span class='ocrx_word' id='word_1_221' title='bbox 764 2048 820 2099; x_wconf 77' lang='grc' dir='ltr'><strong><em>δὲ</em></strong></span> <span class='ocrx_word' id='word_1_222' title='bbox 858 2043 1122 2116; x_wconf 81' lang='grc' dir='ltr'><em>τηλικόσδε</em></span> <span class='ocrx_word' id='word_1_223' title='bbox 1155 2045 1228 2114; x_wconf 80' lang='grc' dir='ltr'><em>εἶ,</em></span> <span class='ocrx_word' id='word_1_224' title='bbox 1286 2044 1356 2109; x_wconf 80' lang='grc' dir='ltr'><strong><em>ὥς</em></strong></span> <span class='ocrx_word' id='word_1_225' title='bbox 1393 2046 1484 2101; x_wconf 85' lang='grc' dir='ltr'><em>σὸν</em></span> <span class='ocrx_word' id='word_1_226' title='bbox 1523 2043 1648 2100; x_wconf 77' lang='grc' dir='ltr'><em>εἶναι</em></span> <span class='ocrx_word' id='word_1_227' title='bbox 1684 2045 1757 2115; x_wconf 87' lang='grc' dir='ltr'><strong><em>μὴ</em></strong></span> <span class='ocrx_word' id='word_1_228' title='bbox 1794 2052 2032 2117; x_wconf 85' lang='grc' dir='ltr'><em>περιορᾶν</em></span> <span class='ocrx_word' id='word_1_229' title='bbox 2069 2047 2161 2116; x_wconf 79' lang='grc' dir='ltr'><em>τὴν</em></span> 
     </span>
    </p>
   </div>
   <div class='ocr_carea' id='block_1_7' title="bbox 440 2219 2159 2338">
    <p class='ocr_par' dir='ltr' id='par_1_7' title="bbox 440 2219 2159 2338">
     <span class='ocr_line' id='line_1_25' title="bbox 440 2219 2157 2295; baseline -0.002 -29"><span class='ocrx_word' id='word_1_230' title='bbox 440 2221 481 2265; x_wconf 93' lang='grc'><strong><em>4.</em></strong></span> <span class='ocrx_word' id='word_1_231' title='bbox 523 2219 917 2281; x_wconf 70' lang='grc' dir='ltr'><em>ὑπερβάλλεσθαι]</em></span> <span class='ocrx_word' id='word_1_232' title='bbox 965 2219 1332 2295; x_wconf 74' lang='grc' dir='ltr'><em>υπερβαλλὲσθαι</em></span> <span class='ocrx_word' id='word_1_233' title='bbox 1374 2223 1423 2266; x_wconf 88' lang='lat' dir='ltr'>L.</span> <span class='ocrx_word' id='word_1_234' title='bbox 1589 2223 1632 2267; x_wconf 89' lang='lat'><strong><em>9.</em></strong></span> <span class='ocrx_word' id='word_1_235' title='bbox 1673 2253 1700 2274; x_wconf 90' lang='grc'><strong><em>,,</em></strong></span> <span class='ocrx_word' id='word_1_236' title='bbox 1717 2219 1967 2268; x_wconf 77' lang='grc' dir='ltr'><em>διεσώσατο</em></span> <span class='ocrx_word' id='word_1_237' title='bbox 2009 2225 2157 2280; x_wconf 82' lang='lat' dir='ltr'><strong><em>Reg.“</em></strong></span> 
     </span>
     <span class='ocr_line' id='line_1_26' title="bbox 441 2278 2159 2338; baseline 0.002 -16"><span class='ocrx_word' id='word_1_238' title='bbox 441 2281 590 2322; x_wconf 62' lang='lat' dir='ltr'><strong><em>Muxr.</em></strong></span> <span class='ocrx_word' id='word_1_239' title='bbox 649 2282 724 2323; x_wconf 75' lang='lat' dir='ltr'><strong><em>Sic</em></strong></span> <span class='ocrx_word' id='word_1_240' title='bbox 753 2282 826 2325; x_wconf 83' lang='lat' dir='ltr'>AL</span> <span class='ocrx_word' id='word_1_241' title='bbox 832 2282 926 2324; x_wconf 81' lang='lat' dir='ltr'><strong><em>Hm.</em></strong></span> <span class='ocrx_word' id='word_1_242' title='bbox 985 2278 1247 2327; x_wconf 74' lang='grc' dir='ltr'><em>ἀνεσώσατο</em></span> <span class='ocrx_word' id='word_1_243' title='bbox 1276 2281 1370 2325; x_wconf 82' lang='grc' dir='ltr'><strong><em>ΗΡ</em></strong></span> <span class='ocrx_word' id='word_1_244' title='bbox 1489 2281 1558 2326; x_wconf 85' lang='grc'><strong><em>13.</em></strong></span> <span class='ocrx_word' id='word_1_245' title='bbox 1585 2295 1634 2338; x_wconf 76' lang='grc' dir='ltr'><em>γε</em></span> <span class='ocrx_word' id='word_1_246' title='bbox 1665 2280 1763 2324; x_wconf 79' lang='lat' dir='ltr'><strong><em>add.</em></strong></span> <span class='ocrx_word' id='word_1_247' title='bbox 1793 2280 1842 2323; x_wconf 84' lang='lat' dir='ltr'>L.</span> <span class='ocrx_word' id='word_1_248' title='bbox 1974 2283 2045 2326; x_wconf 77' lang='lat'><strong><em>20.</em></strong></span> <span class='ocrx_word' id='word_1_249' title='bbox 2076 2280 2159 2327; x_wconf 83' lang='grc' dir='ltr'><em>τὸν</em></span> 
     </span>
    </p>
   </div>
   <div class='ocr_carea' id='block_1_8' title="bbox 413 2333 1162 2401">
    <p class='ocr_par' dir='ltr' id='par_1_8' title="bbox 413 2333 1162 2401">
     <span class='ocr_line' id='line_1_27' title="bbox 413 2333 1162 2401; baseline 0.001 -19.062"><span class='ocrx_word' id='word_1_250' title='bbox 413 2333 710 2401; x_wconf 48' lang='grc' dir='ltr'><strong><em>ἱῬοομοιιιιτην]</em></strong></span> <span class='ocrx_word' id='word_1_251' title='bbox 741 2355 834 2384; x_wconf 84' lang='grc' dir='ltr'><strong><em>των</em></strong></span> <span class='ocrx_word' id='word_1_252' title='bbox 864 2338 1082 2397; x_wconf 76' lang='grc' dir='ltr'><em>ῥωμαίων</em></span> <span class='ocrx_word' id='word_1_253' title='bbox 1110 2341 1162 2384; x_wconf 90' lang='lat' dir='ltr'><strong><em>L.</em></strong></span> 
     </span>
    </p>
   </div>
   <div class='ocr_carea' id='block_1_9' title="bbox 324 2493 2157 2610">
    <p class='ocr_par' dir='ltr' id='par_1_9' title="bbox 324 2493 2157 2610">
     <span class='ocr_line' id='line_1_28' title="bbox 328 2493 2156 2553; baseline 0.001 -16"><span class='ocrx_word' id='word_1_254' title='bbox 328 2493 476 2550; x_wconf 77' lang='lat' dir='ltr'><strong><em>gorius</em></strong></span> <span class='ocrx_word' id='word_1_255' title='bbox 507 2493 573 2537; x_wconf 78' lang='lat' dir='ltr'><strong><em>his</em></strong></span> <span class='ocrx_word' id='word_1_256' title='bbox 604 2495 697 2538; x_wconf 80' lang='lat' dir='ltr'><strong><em>fere</em></strong></span> <span class='ocrx_word' id='word_1_257' title='bbox 719 2495 864 2539; x_wconf 76' lang='lat' dir='ltr'><strong><em>verbis</em></strong></span> <span class='ocrx_word' id='word_1_258' title='bbox 893 2495 1030 2553; x_wconf 79' lang='lat' dir='ltr'><strong><em>ipsum</em></strong></span> <span class='ocrx_word' id='word_1_259' title='bbox 1059 2496 1255 2539; x_wconf 77' lang='lat' dir='ltr'><strong>hortatus</strong></span> <span class='ocrx_word' id='word_1_260' title='bbox 1285 2500 1366 2541; x_wconf 80' lang='lat' dir='ltr'><strong><em>est.</em></strong></span> <span class='ocrx_word' id='word_1_261' title='bbox 1423 2495 1519 2538; x_wconf 85' lang='lat' dir='ltr'><strong><em>lam</em></strong></span> <span class='ocrx_word' id='word_1_262' title='bbox 1546 2495 1626 2539; x_wconf 75' lang='lat' dir='ltr'><strong><em>tibi</em></strong></span> <span class='ocrx_word' id='word_1_263' title='bbox 1653 2494 1744 2546; x_wconf 87' lang='lat' dir='ltr'><strong><em>uni,</em></strong></span> <span class='ocrx_word' id='word_1_264' title='bbox 1773 2495 2030 2548; x_wconf 46' lang='lat' dir='ltr'><strong><em>Artabane&amp;</em></strong></span> <span class='ocrx_word' id='word_1_265' title='bbox 2058 2511 2156 2539; x_wconf 91' lang='lat' dir='ltr'><strong><em>con-</em></strong></span> 
     </span>
     <span class='ocr_line' id='line_1_29' title="bbox 324 2553 2157 2610; baseline 0.002 -17"><span class='ocrx_word' id='word_1_266' title='bbox 324 2554 444 2607; x_wconf 80' lang='lat' dir='ltr'><strong><em>sequi</em></strong></span> <span class='ocrx_word' id='word_1_267' title='bbox 480 2554 577 2595; x_wconf 84' lang='lat' dir='ltr'><strong><em>licet</em></strong></span> <span class='ocrx_word' id='word_1_268' title='bbox 611 2555 799 2608; x_wconf 86' lang='lat' dir='ltr'><strong><em>gloriam</em></strong></span> <span class='ocrx_word' id='word_1_269' title='bbox 834 2555 874 2596; x_wconf 90' lang='lat' dir='ltr'><strong><em>ei</em></strong></span> <span class='ocrx_word' id='word_1_270' title='bbox 906 2569 1086 2610; x_wconf 83' lang='lat' dir='ltr'><strong><em>parem,</em></strong></span> <span class='ocrx_word' id='word_1_271' title='bbox 1122 2568 1252 2610; x_wconf 88' lang='lat' dir='ltr'><strong><em>quam</em></strong></span> <span class='ocrx_word' id='word_1_272' title='bbox 1289 2554 1439 2598; x_wconf 86' lang='lat' dir='ltr'><strong><em>retulit</em></strong></span> <span class='ocrx_word' id='word_1_273' title='bbox 1465 2554 1723 2606; x_wconf 62' lang='lat' dir='ltr'><strong><em>Belisama,</em></strong></span> <span class='ocrx_word' id='word_1_274' title='bbox 1749 2553 1876 2596; x_wconf 87' lang='lat' dir='ltr'><strong><em>immo</em></strong></span> <span class='ocrx_word' id='word_1_275' title='bbox 1901 2568 2000 2597; x_wconf 82' lang='lat' dir='ltr'><strong><em>vero</em></strong></span> <span class='ocrx_word' id='word_1_276' title='bbox 2029 2556 2157 2610; x_wconf 82' lang='lat' dir='ltr'><strong><em>longe</em></strong></span> 
     </span>
    </p>
   </div>
   <div class='ocr_carea' id='block_1_10' title="bbox 281 2611 2154 2667">
    <p class='ocr_par' dir='ltr' id='par_1_10' title="bbox 281 2611 2154 2667">
     <span class='ocr_line' id='line_1_30' title="bbox 281 2611 2154 2667; baseline -0.001 -13"><span class='ocrx_word' id='word_1_277' title='bbox 281 2651 284 2654; x_wconf 76' lang='grc'>,</span> <span class='ocrx_word' id='word_1_278' title='bbox 327 2611 546 2652; x_wconf 81' lang='lat' dir='ltr'><strong><em>maiorem.</em></strong></span> <span class='ocrx_word' id='word_1_279' title='bbox 602 2613 774 2654; x_wconf 75' lang='lat' dir='ltr'><strong><em>Etenim</em></strong></span> <span class='ocrx_word' id='word_1_280' title='bbox 810 2611 892 2653; x_wconf 77' lang='lat' dir='ltr'><strong><em>huc</em></strong></span> <span class='ocrx_word' id='word_1_281' title='bbox 927 2613 1000 2654; x_wconf 82' lang='lat' dir='ltr'><strong><em>ille</em></strong></span> <span class='ocrx_word' id='word_1_282' title='bbox 1032 2613 1150 2654; x_wconf 78' lang='lat' dir='ltr'><strong><em>venit</em></strong></span> <span class='ocrx_word' id='word_1_283' title='bbox 1182 2626 1277 2654; x_wconf 91' lang='lat' dir='ltr'><strong><em>cum</em></strong></span> <span class='ocrx_word' id='word_1_284' title='bbox 1305 2612 1491 2655; x_wconf 71' lang='lat' dir='ltr'><strong><em>exercitu</em></strong></span> <span class='ocrx_word' id='word_1_285' title='bbox 1514 2611 1846 2667; x_wconf 83' lang='lat' dir='ltr'><strong><em>florentissimo,</em></strong></span> <span class='ocrx_word' id='word_1_286' title='bbox 1882 2613 2065 2667; x_wconf 86' lang='lat' dir='ltr'><strong><em>pecunia</em></strong></span> <span class='ocrx_word' id='word_1_287' title='bbox 2099 2613 2154 2653; x_wconf 86' lang='lat' dir='ltr'><strong><em>ab</em></strong></span> 
     </span>
    </p>
   </div>
   <div class='ocr_carea' id='block_1_11' title="bbox 316 2667 2224 3472">
    <p class='ocr_par' dir='ltr' id='par_1_11' title="bbox 316 2667 2224 3472">
     <span class='ocr_line' id='line_1_31' title="bbox 331 2667 2156 2723; baseline 0.002 -15"><span class='ocrx_word' id='word_1_288' title='bbox 331 2667 591 2722; x_wconf 76' lang='lat' dir='ltr'><strong><em>Imperatore</em></strong></span> <span class='ocrx_word' id='word_1_289' title='bbox 612 2670 749 2711; x_wconf 84' lang='lat' dir='ltr'><strong><em>mulla</em></strong></span> <span class='ocrx_word' id='word_1_290' title='bbox 771 2669 1015 2712; x_wconf 83' lang='lat' dir='ltr'><strong><em>instructus.</em></strong></span> <span class='ocrx_word' id='word_1_291' title='bbox 1076 2669 1229 2712; x_wconf 80' lang='lat' dir='ltr'><strong><em>Secum</em></strong></span> <span class='ocrx_word' id='word_1_292' title='bbox 1251 2670 1379 2712; x_wconf 81' lang='lat' dir='ltr'><strong><em>duces</em></strong></span> <span class='ocrx_word' id='word_1_293' title='bbox 1414 2669 1619 2722; x_wconf 65' lang='lat' dir='ltr'><strong><em>habebat,</em></strong></span> <span class='ocrx_word' id='word_1_294' title='bbox 1660 2675 1703 2711; x_wconf 85' lang='lat' dir='ltr'><strong><em>et</em></strong></span> <span class='ocrx_word' id='word_1_295' title='bbox 1732 2669 1997 2711; x_wconf 73' lang='lat' dir='ltr'><strong><em>consiliarios</em></strong></span> <span class='ocrx_word' id='word_1_296' title='bbox 2019 2671 2156 2723; x_wconf 83' lang='lat' dir='ltr'><strong><em>pluri-</em></strong></span> 
     </span>
     <span class='ocr_line' id='line_1_32' title="bbox 327 2727 2155 2783; baseline 0.002 -18"><span class='ocrx_word' id='word_1_297' title='bbox 327 2738 443 2775; x_wconf 84' lang='lat' dir='ltr'><strong><em>mos,</em></strong></span> <span class='ocrx_word' id='word_1_298' title='bbox 484 2731 527 2767; x_wconf 84' lang='lat' dir='ltr'><strong><em>et</em></strong></span> <span class='ocrx_word' id='word_1_299' title='bbox 554 2727 730 2767; x_wconf 83' lang='lat' dir='ltr'><strong><em>classem</em></strong></span> <span class='ocrx_word' id='word_1_300' title='bbox 745 2757 759 2778; x_wconf 92' lang='lat'>,</span> <span class='ocrx_word' id='word_1_301' title='bbox 801 2729 969 2782; x_wconf 85' lang='lat' dir='ltr'><strong><em>qualem</em></strong></span> <span class='ocrx_word' id='word_1_302' title='bbox 991 2742 1210 2783; x_wconf 86' lang='lat' dir='ltr'><strong><em>nunquam</em></strong></span> <span class='ocrx_word' id='word_1_303' title='bbox 1235 2728 1424 2771; x_wconf 72' lang='lat' dir='ltr'><strong><em>extitisse</em></strong></span> <span class='ocrx_word' id='word_1_304' title='bbox 1437 2730 1569 2782; x_wconf 82' lang='lat' dir='ltr'><strong><em>sama</em></strong></span> <span class='ocrx_word' id='word_1_305' title='bbox 1591 2727 1853 2781; x_wconf 83' lang='lat' dir='ltr'><strong><em>accepimus,</em></strong></span> <span class='ocrx_word' id='word_1_306' title='bbox 1893 2732 1935 2769; x_wconf 84' lang='lat' dir='ltr'><strong><em>et</em></strong></span> <span class='ocrx_word' id='word_1_307' title='bbox 1959 2741 2155 2768; x_wconf 88' lang='lat' dir='ltr'><strong><em>numero-</em></strong></span> 
     </span>
     <span class='ocr_line' id='line_1_33' title="bbox 328 2783 2157 2841; baseline 0.002 -19"><span class='ocrx_word' id='word_1_308' title='bbox 328 2795 422 2823; x_wconf 86' lang='lat' dir='ltr'><strong><em>sum</em></strong></span> <span class='ocrx_word' id='word_1_309' title='bbox 457 2783 720 2837; x_wconf 76' lang='lat' dir='ltr'><strong><em>equitatum,</em></strong></span> <span class='ocrx_word' id='word_1_310' title='bbox 765 2790 806 2826; x_wconf 90' lang='lat' dir='ltr'><strong><em>et</em></strong></span> <span class='ocrx_word' id='word_1_311' title='bbox 837 2799 991 2836; x_wconf 83' lang='lat' dir='ltr'><strong><em>arma,</em></strong></span> <span class='ocrx_word' id='word_1_312' title='bbox 1031 2786 1238 2841; x_wconf 82' lang='lat' dir='ltr'><strong><em>denique,</em></strong></span> <span class='ocrx_word' id='word_1_313' title='bbox 1275 2791 1323 2827; x_wconf 85' lang='lat' dir='ltr'><strong><em>ut</em></strong></span> <span class='ocrx_word' id='word_1_314' title='bbox 1344 2786 1488 2827; x_wconf 88' lang='lat' dir='ltr'><strong><em>omnia</em></strong></span> <span class='ocrx_word' id='word_1_315' title='bbox 1509 2799 1593 2827; x_wconf 87' lang='lat' dir='ltr'><strong><em>uno</em></strong></span> <span class='ocrx_word' id='word_1_316' title='bbox 1614 2785 1739 2827; x_wconf 80' lang='lat' dir='ltr'><strong><em>verbo</em></strong></span> <span class='ocrx_word' id='word_1_317' title='bbox 1767 2786 2045 2839; x_wconf 84' lang='lat' dir='ltr'><strong><em>complectar,</em></strong></span> <span class='ocrx_word' id='word_1_318' title='bbox 2087 2785 2157 2826; x_wconf 85' lang='lat' dir='ltr'><strong><em>di-</em></strong></span> 
     </span>
     <span class='ocr_line' id='line_1_34' title="bbox 326 2840 2154 2910; baseline 0.002 -30"><span class='ocrx_word' id='word_1_319' title='bbox 326 2851 463 2893; x_wconf 74' lang='lat' dir='ltr'><strong><em>gnum</em></strong></span> <span class='ocrx_word' id='word_1_320' title='bbox 486 2840 610 2882; x_wconf 82' lang='lat' dir='ltr'><strong><em>Rom.</em></strong></span> <span class='ocrx_word' id='word_1_321' title='bbox 639 2842 822 2896; x_wconf 85' lang='lat' dir='ltr'><strong><em>Imperio</em></strong></span> <span class='ocrx_word' id='word_1_322' title='bbox 857 2849 1133 2898; x_wconf 85' lang='lat' dir='ltr'><strong><em>apparatum.</em></strong></span> <span class='ocrx_word' id='word_1_323' title='bbox 1193 2844 1256 2885; x_wconf 89' lang='lat' dir='ltr'><strong><em>Ac</em></strong></span> <span class='ocrx_word' id='word_1_324' title='bbox 1285 2857 1340 2884; x_wconf 86' lang='lat' dir='ltr'><strong><em>ne</em></strong></span> <span class='ocrx_word' id='word_1_325' title='bbox 1365 2843 1424 2885; x_wconf 86' lang='lat' dir='ltr'><strong><em>sic</em></strong></span> <span class='ocrx_word' id='word_1_326' title='bbox 1455 2843 1651 2910; x_wconf 83' lang='lat' dir='ltr'><strong><em>quidem,</em></strong></span> <span class='ocrx_word' id='word_1_327' title='bbox 1691 2842 1776 2884; x_wconf 88' lang='lat' dir='ltr'><strong><em>nisi</em></strong></span> <span class='ocrx_word' id='word_1_328' title='bbox 1811 2843 1956 2884; x_wconf 83' lang='lat' dir='ltr'><strong><em>labore</em></strong></span> <span class='ocrx_word' id='word_1_329' title='bbox 1978 2855 2154 2897; x_wconf 82' lang='lat' dir='ltr'><strong><em>magno,</em></strong></span> 
     </span>
     <span class='ocr_line' id='line_1_35' title="bbox 326 2898 2155 2955; baseline 0.002 -17"><span class='ocrx_word' id='word_1_330' title='bbox 326 2898 533 2938; x_wconf 79' lang='lat' dir='ltr'><strong><em>Romanis</em></strong></span> <span class='ocrx_word' id='word_1_331' title='bbox 566 2899 760 2951; x_wconf 87' lang='lat' dir='ltr'><strong><em>Africam</em></strong></span> <span class='ocrx_word' id='word_1_332' title='bbox 801 2902 1086 2955; x_wconf 82' lang='lat' dir='ltr'><strong><em>recuperavit.</em></strong></span> <span class='ocrx_word' id='word_1_333' title='bbox 1147 2901 1269 2954; x_wconf 77' lang='lat' dir='ltr'><strong><em>Quae</em></strong></span> <span class='ocrx_word' id='word_1_334' title='bbox 1292 2901 1436 2942; x_wconf 84' lang='lat' dir='ltr'><strong><em>omnia</em></strong></span> <span class='ocrx_word' id='word_1_335' title='bbox 1460 2902 1526 2943; x_wconf 83' lang='lat' dir='ltr'><strong><em>ita</em></strong></span> <span class='ocrx_word' id='word_1_336' title='bbox 1546 2901 1738 2955; x_wconf 84' lang='lat' dir='ltr'><strong><em>collapsa</em></strong></span> <span class='ocrx_word' id='word_1_337' title='bbox 1760 2906 1884 2950; x_wconf 82' lang='lat' dir='ltr'><strong><em>sunt,</em></strong></span> <span class='ocrx_word' id='word_1_338' title='bbox 1913 2904 1961 2941; x_wconf 85' lang='lat' dir='ltr'><strong><em>ut</em></strong></span> <span class='ocrx_word' id='word_1_339' title='bbox 1977 2899 2155 2954; x_wconf 78' lang='lat' dir='ltr'><strong><em>perinde</em></strong></span> 
     </span>
     <span class='ocr_line' id='line_1_36' title="bbox 326 2954 2154 3026; baseline 0.001 -31"><span class='ocrx_word' id='word_1_340' title='bbox 326 2968 372 2996; x_wconf 85' lang='lat' dir='ltr'><strong><em>sc</em></strong></span> <span class='ocrx_word' id='word_1_341' title='bbox 395 2954 583 2996; x_wconf 79' lang='lat' dir='ltr'><strong><em>habeant</em></strong></span> <span class='ocrx_word' id='word_1_342' title='bbox 608 2955 653 2996; x_wconf 86' lang='lat' dir='ltr'><strong><em>in</em></strong></span> <span class='ocrx_word' id='word_1_343' title='bbox 672 2959 915 3010; x_wconf 79' lang='lat' dir='ltr'><strong><em>praesenti,</em></strong></span> <span class='ocrx_word' id='word_1_344' title='bbox 943 2972 996 2999; x_wconf 89' lang='lat' dir='ltr'><strong><em>ac</em></strong></span> <span class='ocrx_word' id='word_1_345' title='bbox 1015 2959 1053 3000; x_wconf 87' lang='lat' dir='ltr'><strong><em>si</em></strong></span> <span class='ocrx_word' id='word_1_346' title='bbox 1072 2971 1291 3026; x_wconf 82' lang='lat' dir='ltr'><strong><em>nunquam</em></strong></span> <span class='ocrx_word' id='word_1_347' title='bbox 1320 2959 1533 3012; x_wconf 79' lang='lat' dir='ltr'><strong><em>fuissent3</em></strong></span> <span class='ocrx_word' id='word_1_348' title='bbox 1563 2958 1648 2999; x_wconf 85' lang='lat' dir='ltr'><strong><em>nisi</em></strong></span> <span class='ocrx_word' id='word_1_349' title='bbox 1672 2957 1782 3012; x_wconf 83' lang='lat' dir='ltr'><strong><em>quod</em></strong></span> <span class='ocrx_word' id='word_1_350' title='bbox 1802 2957 2006 2998; x_wconf 84' lang='lat' dir='ltr'><strong><em>Belisarii</em></strong></span> <span class='ocrx_word' id='word_1_351' title='bbox 2022 2957 2154 2998; x_wconf 85' lang='lat' dir='ltr'><strong><em>victo-</em></strong></span> 
     </span>
     <span class='ocr_line' id='line_1_37' title="bbox 325 3012 2224 3083; baseline 0 -29"><span class='ocrx_word' id='word_1_352' title='bbox 325 3012 396 3054; x_wconf 78' lang='lat' dir='ltr'><strong><em>ria</em></strong></span> <span class='ocrx_word' id='word_1_353' title='bbox 431 3012 646 3054; x_wconf 84' lang='lat' dir='ltr'><strong><em>Romanos</em></strong></span> <span class='ocrx_word' id='word_1_354' title='bbox 676 3027 724 3055; x_wconf 90' lang='lat' dir='ltr'><strong><em>eo</em></strong></span> <span class='ocrx_word' id='word_1_355' title='bbox 758 3015 956 3070; x_wconf 83' lang='lat' dir='ltr'><strong><em>redegit,</em></strong></span> <span class='ocrx_word' id='word_1_356' title='bbox 985 3021 1062 3066; x_wconf 86' lang='lat' dir='ltr'><strong><em>ut,</em></strong></span> <span class='ocrx_word' id='word_1_357' title='bbox 1091 3016 1197 3057; x_wconf 85' lang='lat' dir='ltr'><strong><em>viris</em></strong></span> <span class='ocrx_word' id='word_1_358' title='bbox 1217 3017 1489 3083; x_wconf 82' lang='lat' dir='ltr'><strong><em>pecuniisque</em></strong></span> <span class='ocrx_word' id='word_1_359' title='bbox 1509 3015 1706 3066; x_wconf 83' lang='lat' dir='ltr'><strong><em>amissis,</em></strong></span> <span class='ocrx_word' id='word_1_360' title='bbox 1735 3014 1846 3056; x_wconf 85' lang='lat' dir='ltr'><strong><em>tueri</em></strong></span> <span class='ocrx_word' id='word_1_361' title='bbox 1866 3014 1954 3055; x_wconf 87' lang='lat' dir='ltr'><strong><em>iam</em></strong></span> <span class='ocrx_word' id='word_1_362' title='bbox 1977 3027 2056 3055; x_wconf 86' lang='lat' dir='ltr'><strong><em>sua</em></strong></span> <span class='ocrx_word' id='word_1_363' title='bbox 2078 3027 2153 3055; x_wconf 87' lang='lat' dir='ltr'><strong><em>nc-</em></strong></span> <span class='ocrx_word' id='word_1_364' title='bbox 2216 3034 2224 3042; x_wconf 82' lang='lat'><strong>·</strong></span> 
     </span>
     <span class='ocr_line' id='line_1_38' title="bbox 324 3046 2151 3128; baseline 0.001 -18"><span class='ocrx_word' id='word_1_365' title='bbox 324 3075 497 3124; x_wconf 82' lang='lat' dir='ltr'><strong><em>queant.</em></strong></span> <span class='ocrx_word' id='word_1_366' title='bbox 558 3070 706 3112; x_wconf 72' lang='lat' dir='ltr'><strong><em>&#39;sotum</em></strong></span> <span class='ocrx_word' id='word_1_367' title='bbox 732 3071 835 3122; x_wconf 82' lang='lat' dir='ltr'><strong><em>hoc,</em></strong></span> <span class='ocrx_word' id='word_1_368' title='bbox 863 3046 1071 3128; x_wconf 58' lang='lat' dir='ltr'><strong><em>quidqmc&#39;l</em></strong></span> <span class='ocrx_word' id='word_1_369' title='bbox 1092 3079 1182 3125; x_wconf 77' lang='lat' dir='ltr'><strong><em>est,</em></strong></span> <span class='ocrx_word' id='word_1_370' title='bbox 1212 3080 1261 3116; x_wconf 85' lang='lat' dir='ltr'><strong><em>ut</em></strong></span> <span class='ocrx_word' id='word_1_371' title='bbox 1285 3073 1331 3115; x_wconf 86' lang='lat' dir='ltr'><strong><em>in</em></strong></span> <span class='ocrx_word' id='word_1_372' title='bbox 1355 3073 1558 3116; x_wconf 72' lang='lat' dir='ltr'><strong><em>ditionem</em></strong></span> <span class='ocrx_word' id='word_1_373' title='bbox 1578 3072 1768 3127; x_wconf 82' lang='lat' dir='ltr'><strong><em>Augusti</em></strong></span> <span class='ocrx_word' id='word_1_374' title='bbox 1786 3070 1961 3122; x_wconf 84' lang='lat' dir='ltr'><strong><em>redeat,</em></strong></span> <span class='ocrx_word' id='word_1_375' title='bbox 1990 3071 2035 3112; x_wconf 85' lang='lat' dir='ltr'><strong><em>in</em></strong></span> <span class='ocrx_word' id='word_1_376' title='bbox 2056 3071 2151 3112; x_wconf 86' lang='lat' dir='ltr'><strong><em>ani-</em></strong></span> 
     </span>
     <span class='ocr_line' id='line_1_39' title="bbox 320 3127 2152 3184; baseline 0.002 -17"><span class='ocrx_word' id='word_1_377' title='bbox 320 3141 418 3180; x_wconf 82' lang='lat' dir='ltr'><strong><em>mo,</em></strong></span> <span class='ocrx_word' id='word_1_378' title='bbox 458 3127 656 3178; x_wconf 82' lang='lat' dir='ltr'><strong><em>consilio,</em></strong></span> <span class='ocrx_word' id='word_1_379' title='bbox 699 3127 876 3170; x_wconf 71' lang='lat' dir='ltr'><strong><em>dextera</em></strong></span> <span class='ocrx_word' id='word_1_380' title='bbox 900 3136 978 3171; x_wconf 84' lang='lat' dir='ltr'><strong><em>tua</em></strong></span> <span class='ocrx_word' id='word_1_381' title='bbox 997 3144 1086 3172; x_wconf 89' lang='lat' dir='ltr'><strong><em>una</em></strong></span> <span class='ocrx_word' id='word_1_382' title='bbox 1104 3131 1289 3184; x_wconf 86' lang='lat' dir='ltr'><strong><em>positum</em></strong></span> <span class='ocrx_word' id='word_1_383' title='bbox 1317 3136 1393 3173; x_wconf 83' lang='lat' dir='ltr'><strong><em>est.</em></strong></span> <span class='ocrx_word' id='word_1_384' title='bbox 1455 3131 1620 3173; x_wconf 86' lang='lat' dir='ltr'><strong><em>Memor</em></strong></span> <span class='ocrx_word' id='word_1_385' title='bbox 1648 3128 1846 3184; x_wconf 80' lang='lat' dir='ltr'><strong><em>generis,</em></strong></span> <span class='ocrx_word' id='word_1_386' title='bbox 1881 3128 1994 3183; x_wconf 84' lang='lat' dir='ltr'><strong><em>quod</em></strong></span> <span class='ocrx_word' id='word_1_387' title='bbox 2034 3129 2152 3171; x_wconf 80' lang='lat' dir='ltr'><strong><em>ducis</em></strong></span> 
     </span>
     <span class='ocr_line' id='line_1_40' title="bbox 321 3158 2151 3242; baseline 0.001 -16"><span class='ocrx_word' id='word_1_388' title='bbox 321 3185 374 3226; x_wconf 78' lang='lat' dir='ltr'><strong><em>ab</em></strong></span> <span class='ocrx_word' id='word_1_389' title='bbox 404 3158 593 3236; x_wconf 82' lang='lat' dir='ltr'><strong><em>Arsace,</em></strong></span> <span class='ocrx_word' id='word_1_390' title='bbox 624 3191 763 3228; x_wconf 82' lang='lat' dir='ltr'><strong><em>tecum</em></strong></span> <span class='ocrx_word' id='word_1_391' title='bbox 797 3192 976 3241; x_wconf 82' lang='lat' dir='ltr'><strong><em>reputa,</em></strong></span> <span class='ocrx_word' id='word_1_392' title='bbox 1005 3189 1191 3229; x_wconf 86' lang='lat' dir='ltr'><strong><em>virorum</em></strong></span> <span class='ocrx_word' id='word_1_393' title='bbox 1220 3202 1311 3230; x_wconf 84' lang='lat' dir='ltr'><strong><em>csse</em></strong></span> <span class='ocrx_word' id='word_1_394' title='bbox 1334 3187 1540 3230; x_wconf 83' lang='lat' dir='ltr'><strong><em>nobilium</em></strong></span> <span class='ocrx_word' id='word_1_395' title='bbox 1565 3200 1696 3241; x_wconf 83' lang='lat' dir='ltr'><strong><em>usque</em></strong></span> <span class='ocrx_word' id='word_1_396' title='bbox 1720 3192 1761 3228; x_wconf 85' lang='lat' dir='ltr'><strong><em>et</em></strong></span> <span class='ocrx_word' id='word_1_397' title='bbox 1784 3186 1938 3241; x_wconf 85' lang='lat' dir='ltr'><strong><em>ubique</em></strong></span> <span class='ocrx_word' id='word_1_398' title='bbox 1958 3199 2049 3227; x_wconf 81' lang='lat' dir='ltr'><strong><em>sese</em></strong></span> <span class='ocrx_word' id='word_1_399' title='bbox 2070 3199 2151 3242; x_wconf 84' lang='lat' dir='ltr'><strong><em>ge-</em></strong></span> 
     </span>
     <span class='ocr_line' id='line_1_41' title="bbox 320 3243 2151 3299; baseline 0.001 -16"><span class='ocrx_word' id='word_1_400' title='bbox 320 3256 413 3283; x_wconf 83' lang='lat' dir='ltr'><strong><em>rere</em></strong></span> <span class='ocrx_word' id='word_1_401' title='bbox 429 3243 622 3296; x_wconf 77' lang='lat' dir='ltr'><strong><em>fortitcr.</em></strong></span> <span class='ocrx_word' id='word_1_402' title='bbox 680 3243 826 3285; x_wconf 79' lang='lat' dir='ltr'><strong><em>Multa</em></strong></span> <span class='ocrx_word' id='word_1_403' title='bbox 847 3244 964 3297; x_wconf 84' lang='lat' dir='ltr'><strong><em>ipse,</em></strong></span> <span class='ocrx_word' id='word_1_404' title='bbox 1005 3259 1140 3298; x_wconf 82' lang='lat' dir='ltr'><strong><em>eaque</em></strong></span> <span class='ocrx_word' id='word_1_405' title='bbox 1172 3245 1460 3296; x_wconf 81' lang='lat' dir='ltr'><strong><em>admiranda,</em></strong></span> <span class='ocrx_word' id='word_1_406' title='bbox 1497 3259 1576 3299; x_wconf 83' lang='lat' dir='ltr'><strong><em>pro</em></strong></span> <span class='ocrx_word' id='word_1_407' title='bbox 1604 3243 1803 3286; x_wconf 83' lang='lat' dir='ltr'><strong><em>libertate</em></strong></span> <span class='ocrx_word' id='word_1_408' title='bbox 1825 3243 2030 3297; x_wconf 83' lang='lat' dir='ltr'><strong><em>facinora</em></strong></span> <span class='ocrx_word' id='word_1_409' title='bbox 2060 3243 2151 3284; x_wconf 85' lang='lat' dir='ltr'><strong><em>edi-</em></strong></span> 
     </span>
     <span class='ocr_line' id='line_1_42' title="bbox 317 3299 2148 3352; baseline 0.001 -12"><span class='ocrx_word' id='word_1_410' title='bbox 317 3299 431 3341; x_wconf 76' lang='lat' dir='ltr'><strong><em>disti.</em></strong></span> <span class='ocrx_word' id='word_1_411' title='bbox 493 3300 612 3342; x_wconf 85' lang='lat' dir='ltr'><strong><em>Nam</em></strong></span> <span class='ocrx_word' id='word_1_412' title='bbox 637 3300 779 3342; x_wconf 74' lang='lat' dir='ltr'><strong><em>adhuc</em></strong></span> <span class='ocrx_word' id='word_1_413' title='bbox 801 3301 966 3342; x_wconf 87' lang='lat' dir='ltr'><strong><em>iuvenis</em></strong></span> <span class='ocrx_word' id='word_1_414' title='bbox 992 3302 1194 3343; x_wconf 85' lang='lat' dir='ltr'><strong><em>Acacium</em></strong></span> <span class='ocrx_word' id='word_1_415' title='bbox 1218 3302 1446 3343; x_wconf 85' lang='lat' dir='ltr'><strong><em>Armeniae</em></strong></span> <span class='ocrx_word' id='word_1_416' title='bbox 1470 3302 1776 3352; x_wconf 77' lang='lat' dir='ltr'><strong><em>proconsulem,</em></strong></span> <span class='ocrx_word' id='word_1_417' title='bbox 1807 3307 1849 3343; x_wconf 86' lang='lat' dir='ltr'><strong><em>et</em></strong></span> <span class='ocrx_word' id='word_1_418' title='bbox 1873 3301 2034 3343; x_wconf 85' lang='lat' dir='ltr'><strong><em>Sittam</em></strong></span> <span class='ocrx_word' id='word_1_419' title='bbox 2060 3301 2148 3342; x_wconf 84' lang='lat' dir='ltr'><strong><em>Ro—</em></strong></span> 
     </span>
     <span class='ocr_line' id='line_1_43' title="bbox 316 3358 2150 3414; baseline 0.001 -17"><span class='ocrx_word' id='word_1_420' title='bbox 316 3371 474 3398; x_wconf 83' lang='lat' dir='ltr'><strong><em>manae</em></strong></span> <span class='ocrx_word' id='word_1_421' title='bbox 505 3358 685 3400; x_wconf 85' lang='lat' dir='ltr'><strong><em>militiae</em></strong></span> <span class='ocrx_word' id='word_1_422' title='bbox 721 3358 988 3414; x_wconf 83' lang='lat' dir='ltr'><strong><em>Magistrum</em></strong></span> <span class='ocrx_word' id='word_1_423' title='bbox 1030 3359 1241 3400; x_wconf 80' lang='lat' dir='ltr'><strong><em>sustulisti</em></strong></span> <span class='ocrx_word' id='word_1_424' title='bbox 1274 3360 1328 3401; x_wconf 83' lang='lat' dir='ltr'><strong><em>de</em></strong></span> <span class='ocrx_word' id='word_1_425' title='bbox 1363 3360 1530 3401; x_wconf 78' lang='lat' dir='ltr'><strong><em>medio.-</em></strong></span> <span class='ocrx_word' id='word_1_426' title='bbox 1579 3359 1694 3401; x_wconf 85' lang='lat' dir='ltr'><strong><em>unde</em></strong></span> <span class='ocrx_word' id='word_1_427' title='bbox 1731 3364 1856 3400; x_wconf 87' lang='lat' dir='ltr'><strong><em>notus</em></strong></span> <span class='ocrx_word' id='word_1_428' title='bbox 1891 3358 2150 3412; x_wconf 78' lang='lat' dir='ltr'><strong><em>dilectusque</em></strong></span> 
     </span>
     <span class='ocr_line' id='line_1_44' title="bbox 321 3415 2149 3472; baseline 0 -15"><span class='ocrx_word' id='word_1_429' title='bbox 321 3415 496 3469; x_wconf 81' lang='lat' dir='ltr'><strong><em>Clzosroi</em></strong></span> <span class='ocrx_word' id='word_1_430' title='bbox 528 3415 679 3472; x_wconf 65' lang='lat' dir='ltr'><strong><em>Regi,</em></strong></span> <span class='ocrx_word' id='word_1_431' title='bbox 709 3429 804 3458; x_wconf 91' lang='lat' dir='ltr'><strong><em>cum</em></strong></span> <span class='ocrx_word' id='word_1_432' title='bbox 835 3416 927 3471; x_wconf 88' lang='lat' dir='ltr'><strong><em>ipso</em></strong></span> <span class='ocrx_word' id='word_1_433' title='bbox 959 3417 1146 3460; x_wconf 80' lang='lat' dir='ltr'><strong><em>intulisti</em></strong></span> <span class='ocrx_word' id='word_1_434' title='bbox 1171 3417 1327 3460; x_wconf 83' lang='lat' dir='ltr'><strong><em>bellum</em></strong></span> <span class='ocrx_word' id='word_1_435' title='bbox 1347 3417 1566 3461; x_wconf 85' lang='lat' dir='ltr'><strong><em>Romanis.</em></strong></span> <span class='ocrx_word' id='word_1_436' title='bbox 1627 3415 1984 3472; x_wconf 76' lang='lat' dir='ltr'><strong><em>Quandoquidem</em></strong></span> <span class='ocrx_word' id='word_1_437' title='bbox 2002 3421 2149 3458; x_wconf 84' lang='lat' dir='ltr'><strong><em>tantus</em></strong></span> 
     </span>
    </p>
   </div>
  </div>
 </body>
</html>
