2254 3814
552 205 648 259 DE
690 205 919 258 BELLO
963 203 1255 258 PERSICO
1297 203 1366 256 Π.
1420 202 1514 259 12.
1806 201 1927 256 205

99 344 383 414 ἀντώμοσαν
425 344 497 410 ὥς
530 345 714 417 ἥκιστα
751 345 1011 413 ἐπιδημεῖν
1057 346 1235 417 σφίσι,
1288 344 1465 415 καίπερ
1512 340 1701 405 ἄλλους
1744 362 1798 395 τε
1844 343 1930 394 καὶ

91 429 369 500 ’Λδόναχον
405 431 497 486 τὸν
533 435 638 486 τῶν
674 435 1002 499 στρατιωτῶν
1035 429 1258 500 ἄρχοντα
1296 426 1586 499 κρύψαντες
1618 428 1671 482 έν
1692 427 1930 489 οῗκίσκοις

96 519 229 571 τισὶν
247 558 265 583 ,
313 516 452 580 ὅπως
476 516 551 586 μὴ
576 523 684 577 τοῖς
705 516 962 582 πολεμίοις
986 513 1182 584 ἔνδηλοι
1221 510 1315 570 ὦσι
1331 532 1343 545 ·
1381 519 1581 586 χρυσοῦ
1604 515 1661 568 δὲ
1684 508 1930 582 κεντηνά-

99 624 186 672 ρια
210 599 304 656 δύο
325 600 652 665 συλλὲξαντες
671 597 847 668 μόλις,
891 600 1014 653 ἐπεὶ,
1033 597 1178 654 πόλιν
1203 600 1262 654 οὗ
1289 602 1404 654 λίαν
1432 600 1713 668 εὐδαίμονα
1737 597 1922 672 ᾤκουν,

52 694 172 762 5τῷ
194 708 248 742 τε
267 683 487 757 Χοσρόῃ
510 682 728 757 ζωάγρια
756 683 929 748 δόντες
954 683 1048 755 τήν
1076 707 1130 740 τε
1154 683 1302 739 πόλιν
1331 689 1415 739 καὶ
1446 692 1584 757 σφᾶς
1608 684 1798 747 αὐτοὺς
1823 686 1927 738 διε-

94 769 348 827 σώσαντο.
406 771 614 825 ἐνθένδε
636 771 800 826 οὐκέτι
827 768 854 824 ὃ
878 768 1126 842 Χοσρόης
1148 768 1385 838 ἐβούλετο
1408 772 1501 840 τὴν
1526 771 1837 842 άποπορείαν
1862 762 1928 842 ᾗ-

91 879 189 929 περ
220 853 458 925 ἐληλύθει
482 854 805 926 ποιήσασθαι
821 898 839 923 ,
881 856 999 908 ἀλλ’
1042 853 1326 928 Εὐφράτην
1346 877 1399 909 τε
1425 857 1657 925 ποταμὸν
1684 860 1927 925 διαβῆναι

91 945 176 997 καὶ
196 938 439 1012 χρήματα
475 940 552 996 ὅτι
587 947 798 996 πλεῖστα
835 942 890 994 ἔκ
913 943 1325 1010 Μεσοποταμίας
1351 944 1633 1010 ληίζεσθαι.
1694 942 1922 1013 γέφυραν
1950 950 1991 992 D

94 1021 187 1082 οὖν
209 1024 387 1093 ζεύξας
423 1026 558 1098 ἀμφὶ
580 1025 839 1096 Ὀββάνης
874 1026 933 1080 τὸ
959 1029 1176 1095 χωρίον,
1224 1025 1463 1095 ὅπερτοῦ
1492 1028 1546 1080 ἐν
1571 1030 1922 1100 Βαρβαλισσῷ

25 1125 83 1175 10
93 1114 344 1186 φρουρίου
365 1109 745 1183 τεσσαράκοντα
766 1114 1007 1175 σταδίους
1030 1112 1219 1181 ἀπέχει,
1266 1109 1423 1175 αὐτός
1442 1134 1495 1167 τε
1518 1112 1661 1182 διέβη
1687 1114 1771 1166 καὶ
1795 1134 1928 1164 παν-

90 1201 142 1253 τὶ
178 1203 252 1272 τῷ
287 1203 494 1273 στρατῷ
535 1195 605 1261 ὥς
636 1196 853 1268 τάχιστα
889 1200 1167 1265 διαβαίνειν
1205 1199 1496 1252 ἐπέστελλεν
1506 1239 1524 1265 ,
1581 1196 1809 1252 ὗπειπών
1832 1198 1926 1264 μὲν

89 1283 187 1354 τὴν
220 1283 450 1355 γέφυραν
480 1285 628 1356 τρίτῃ
663 1282 828 1360 ἡμέρᾳ
869 1282 1150 1352 λύσεσθαι,
1195 1282 1354 1348 τάξας
1379 1285 1436 1338 δὲ
1462 1286 1547 1339 καὶ
1570 1283 1660 1338 τὸν
1686 1289 1778 1354 τῆς
1800 1280 1928 1352 ἦμέ-

90 1389 190 1440 ρας
229 1367 423 1439 καιρόν.
491 1373 576 1424 καὶ
610 1371 714 1424 ἐπεὶ
752 1376 923 1441 παρῆν
964 1367 998 1438 ἢ
1037 1372 1222 1441 κυρία,
1276 1369 1421 1433 τινὰς
1452 1371 1548 1439 μὲν
1580 1375 1675 1424 τοῦ
1699 1373 1928 1440 στρατοῦ

89 1454 462 1526 ἀπολελεῖφθαι
496 1453 572 1525 μή
603 1477 684 1510 πω
721 1454 1004 1525 διαβάντας
1040 1456 1363 1523 ξυνέβαινεν,
1433 1453 1460 1510 ὅ
1502 1457 1559 1510 δὲ
1596 1455 1715 1510 οὐδ’
1758 1453 1930 1510 ὁτιοῦν

20 1537 520 1611 ίδῦπολογισάμενος
551 1541 746 1609 ἔπεμψε
779 1542 902 1605 τούς
943 1541 1039 1611 τὴν
1072 1541 1299 1613 γέφυραν
1346 1539 1702 1605 διαλόσοντας.
1779 1543 1832 1596 οἵ
1874 1561 1930 1595 τε

87 1623 474 1694 ἀπολειπόμενοι
486 1667 504 1692 ,
549 1624 619 1690 ὥς
643 1625 858 1691 ἕκαστός
876 1651 945 1698 πη
972 1624 1186 1681 ἐδύνατο
1199 1668 1217 1694 ,
1267 1629 1338 1690 εἷς
1359 1628 1425 1681 τὰ
1454 1625 1647 1697 πάτρια
1670 1627 1782 1696 ’ἤθη
1810 1626 1928 1680 άνέ-
1958 1633 1994 1676 Ρ
2025 1636 2108 1679 117

85 1717 293 1779 βαινον·
335 1709 452 1765 τότε
489 1712 555 1780 δὴ
587 1716 850 1784 φιλοτιμία
887 1735 966 1775 τις
996 1710 1246 1784 Χοσρόην
1282 1714 1473 1783 ἐσῆλθε
1511 1711 1661 1768 πόλιν
1676 1712 1927 1767 Ἔδεσσαν

85 1797 283 1861 ἐξελεῖν.
346 1796 487 1869 ἓνῆγε
508 1796 606 1868 γὰρ
632 1797 792 1853 αὐτὸν
812 1799 864 1861 ἒς
891 1805 1045 1852 τοῦτο
1072 1802 1405 1870 Χριστιανῶν
1435 1795 1584 1869 λόγος
1607 1802 1690 1852 καὶ
1717 1798 1924 1853 ἔδακνεν

86 1881 248 1936 αὐτοῦ
281 1882 376 1952 τὴν
410 1879 666 1951 διάνοιαν,
715 1882 794 1939 ὅτι
831 1884 896 1954 δὴ
941 1880 1208 1939 ἀνάλωτον
1250 1883 1412 1955 αὐτὴν
1454 1886 1770 1957 ἰσχυρίζοντο
1797 1883 1923 1940 εἶναι

9 1967 142 2033 ml}
161 1968 329 2031 αἰτίας
357 1970 581 2023 τοιᾶσδε.

199 2144 230 2189 5
272 2140 491 2202 ζωάγρια]
518 2142 688 2204 ζῶγρια
714 2147 873 2191 Suidas
900 2161 936 2191 s.
967 2145 1010 2190 h.
1038 2162 1083 2192 v.
1201 2151 1245 2195 6.
1274 2146 1482 2206 ἐνθένδε]
1515 2149 1656 2207 Vulgo
1686 2147 1922 2195 ἔνθένδεν.

198 2202 306 2248 ibid.
333 2199 356 2247 ἒ
387 2201 580 2259 ου’λετο]
609 2204 875 2264 ἐβουλεύετο
904 2206 1060 2248 Suidas
1089 2220 1125 2249 s.
1155 2220 1198 2251 v.
1227 2205 1503 2264 ἀποπορεία.
1650 2210 1692 2253 7.
1722 2208 1919 2266 ποιήσω

199 2261 317 2304 σθαι
411 2275 507 2304 cum
535 2262 686 2306 Suida.
724 2264 863 2319 Vulgo
890 2261 1189 2319 ποιήσεσθαι.
1304 2268 1349 2311 9.
1377 2263 1642 2324 Ὀββάνης]
1673 2264 1848 2327 ὀβοὶνης
1869 2268 1921 2310 L.

200 2320 270 2362 10.
300 2319 639 2374 τεσσαράκοντα
668 2321 718 2364 1..
747 2319 792 2376 μ’
826 2321 876 2363 Ρ.
996 2323 1064 2366 12.
1096 2319 1147 2366 δὲ
1177 2322 1288 2378 καὶ]
1315 2323 1393 2368 καὶ
1423 2340 1503 2368 om.
1534 2322 1585 2366 L.
1717 2323 1785 2370 14.
1817 2329 1920 2369 δια-

199 2373 407 2432 βάντας]
438 2376 663 2435 διαβάτας
691 2378 741 2421 1..
888 2378 955 2423 16.
986 2374 1346 2436 ἀπολειπόμενοι
1379 2383 1430 2424 L.
1500 2378 1839 2438 άπολιπόμενοι
1869 2384 1920 2428 Ρ.

198 2432 300 2534 {1:⁸21-
314 2434 430 2535 Pan]
454 2449 536 2480 not
565 2435 616 2479 L.
734 2436 804 2481 17.
824 2430 1052 2481 Ἔδεσσαν
1078 2437 1155 2482 Pm
1185 2445 1230 2482 et
1258 2439 1416 2483 Suidas
1444 2453 1480 2482 s.
1511 2454 1553 2483 v.
1583 2438 1757 2499 ἐνῆγεν.
1787 2438 1922 2487 Ἔδε-

85 2642 186 2687 inde
213 2643 270 2689 ab
297 2645 564 2705 Imperatore
590 2646 789 2691 timentes
817 2647 1070 2705 plurimum,
1111 2649 1253 2694 iurato
1283 2651 1502 2695 affirmant
1531 2652 1686 2698 milites
1728 2655 1845 2713 apud
1875 2669 1924 2700 se

86 2702 224 2746 nullos
252 2717 370 2747 essex
404 2718 655 2762 quamquam
686 2712 836 2757 erant,
867 2720 972 2762 quos
1002 2721 1095 2749 cum
1125 2710 1355 2752 Adonacho
1381 2709 1499 2753 Duce
1528 2725 1583 2754 ne
1608 2713 1663 2754 ab
1696 2712 1817 2756 hoste
1847 2713 1925 2757 de-

85 2759 477 2816 prehenderentur,
509 2762 553 2805 in
583 2762 757 2806 cellulas
786 2762 987 2819 quasdam
1018 2764 1285 2808 abdiderant.
1346 2767 1520 2810 Demum
1551 2769 1645 2812 auri
1678 2770 1821 2827 pondo
1853 2786 1922 2815 cc.

85 2815 185 2868 vix,
214 2819 334 2862 utin
363 2819 469 2862 urbe
509 2820 654 2872 tenui,
696 2820 915 2873 collectis,
961 2820 1148 2879 datoque
1189 2823 1371 2867 Chosroi
1413 2825 1720 2884 redemptionis
1764 2829 1922 2885 pretio,

84 2886 134 2916 se
161 2886 214 2917 ιο
240 2889 357 2919 suam
380 2875 598 2920 civitatem
627 2883 871 2920 servarunt.
931 2878 1043 2921 Hinc
1072 2879 1207 2923 noluit
1234 2882 1380 2924 eadem
1403 2883 1617 2926 Chosroes
1644 2885 1803 2929 reverti
1833 2886 1919 2939 via,

86 2944 171 2985 qua
210 2940 416 2976 venerat:
452 2933 529 2976 sed
603 2934 735 2978 lacuit
779 2935 1044 2991 Euphratem
1085 2937 1313 2990 traiicere,
1363 2945 1411 2982 ut
1455 2942 1676 2997 pecuniam
1718 2951 1919 2999 quantam

85 2986 303 3033 maxima
334 2998 480 3048 posset
508 3006 533 3034 e
593 2992 875 3050 iesopotamia
904 2993 1165 3037 corraderet.
1225 2996 1374 3053 ltaque
1415 3005 1545 3054 ponte
1575 2999 1750 3044 fluvium
1779 3001 1922 3045 iunxit

86 3044 143 3086 ad
175 3044 413 3100 Obbanen,
452 3049 526 3105 qui
565 3048 683 3092 locus
725 3049 878 3091 stadiis
908 3062 964 3092 xx.
1012 3065 1039 3095 a
1066 3051 1304 3096 Barbalissi
1333 3055 1510 3098 castello
1544 3056 1691 3107 distat.
1750 3058 1919 3101 Trans-

86 3100 239 3144 missus
267 3104 510 3159 chosroes,
541 3107 678 3162 copiis
707 3107 898 3150 omnibus
929 3115 975 3151 ut
1005 3108 1226 3154 transitum
1256 3119 1519 3155 maturarent
1547 3115 1710 3166 edixit,
1752 3115 1918 3159 denun-

86 3157 200 3200 tians
227 3171 276 3203 se
300 3160 372 3204 dle
399 3163 543 3215 tertio,
574 3164 692 3207 cuius
722 3170 767 3207 et
795 3165 941 3208 horam
973 3166 1201 3223 praefiniit,
1231 3174 1400 3225 pontem
1430 3169 1785 3218 disturbaturum.
1827 3174 1915 3217 Ubi

87 3214 231 3258 adfuit
266 3215 407 3262 dietus
435 3220 551 3271 dies,
593 3222 775 3274 milites,
821 3221 893 3279 qui
933 3223 1113 3267 nondum
1142 3225 1438 3281 transiissent,
1480 3229 1669 3273 nonnulli
1699 3230 1813 3274 sorte
1840 3246 1915 3274 su·-

85 3277 312 3327 perer-nti
339 3273 412 3318 1110
437 3276 709 3322 nihilosecius
738 3279 873 3331 misit,
905 3280 978 3337 qui
1012 3289 1181 3339 pontem
1212 3283 1482 3327 revellerent.
1541 3286 1599 3329 Hi
1629 3287 1808 3343 residui,
1829 3304 1913 3346 qua

86 3329 269 3386 quisque
299 3330 464 3388 potuit,
507 3336 687 3392 patriam
719 3337 990 3394 repetierunt
1065 3338 1192 3382 'runc
1226 3342 1539 3398 expugnandae
1571 3344 1762 3389 Εόεεεηε
1795 3347 1913 3403 cogi-

85 3385 286 3430 tationem
314 3386 462 3433 iniecit
489 3405 604 3435 amor
633 3394 796 3450 gloriae
827 3394 1026 3438 Chosroi.
1085 3397 1149 3439 Ad
1181 3398 1261 3441 hoc
1290 3400 1397 3442 enim
1419 3399 1533 3444 illum
1563 3401 1782 3455 incitabat,
1813 3418 1912 3446 urc-

85 3442 244 3499 bstque
270 3443 406 3502 ipsius
434 3447 615 3492 animum
647 3451 844 3507 vulgatus
873 3452 1210 3499 Christianorum
1239 3469 1391 3510 sermo,
1418 3457 1788 3517 inexpugnabilem
1817 3474 1914 3506 csse

82 3514 175 3543 eam
203 3503 350 3546 urbem
381 3502 624 3549 iactantiam
654 3507 733 3551 bac
762 3508 816 3552 de
838 3524 982 3554 causa.
