2184 3822
273 226 308 282 G
314 224 352 283 4
1019 224 1349 282 PROCOPII

271 368 405 440 ἀμφὶ
440 361 640 437 Βοόζην
679 387 733 421 τε
771 365 854 419 καὶ
895 360 1080 438 Φάραν
1104 366 1348 435 ἐπῆλθον.
1437 367 1486 420 οἳ
1508 365 1563 420 δέ
1586 363 1747 421 ὄπίσω
1771 365 1901 419 κατὰ
1925 366 2094 436 βραχὺ

266 451 617 524 ὑπεχώρησαν.
703 450 905 521 Πέρσαι
938 453 994 505 δὲ
1030 452 1217 515 αὐτοὺς
1249 453 1340 506 οὔκ
1364 454 1606 519 ἐδίωξαν,
1654 451 1770 504 ἀλλ’
1799 452 1958 505 αὐτοῦ
1979 451 2093 518 ‹Eue-

269 562 384 604 νον,
424 536 696 602 κύκλωσιν,
725 535 862 605 οἶμαι
874 577 891 603 ,
921 538 1050 608 πρὸς
1071 544 1174 591 τῶν
1195 539 1445 605 πολεμίων
1469 537 1582 590 τινὰ
1609 539 1877 598 δείσαντες.
1962 536 2092 603 μετὰ

271 626 326 678 δέ
346 622 582 692 Ῥωμαῖοι
607 621 699 689 μὲν
728 622 775 675 οἳ
802 620 1044 692 φυγόντες
1071 625 1125 676 ἐκ
1157 626 1250 676 τοῦ
1273 623 1526 694 αἲφνιδιὀυ
1550 622 1679 692 πρὸς
1704 621 1895 684 αὐτοὺς
1916 619 2091 688 ὥρμη-

208 722 245 764 C
277 730 387 762 σαν.
477 708 524 760 οἳ
554 708 609 760 δὲ
644 706 737 775 οὔχ
761 704 1072 770 ὑποστάντες
1097 708 1191 775 τὴν
1218 708 1403 778 ἴφοδον
1427 705 1588 760 ὀπίσω
1611 705 1906 775 ἀπήλαυνον
1928 707 1978 769 ἐς
2000 706 2146 774 τὴν5Ι
2181 708 2184 803 1

269 791 534 864 φάλαγγα,
583 794 666 844 καὶ
711 786 868 855 αὖθις
898 795 950 846 οἵ
981 815 1033 846 τε
1063 793 1195 864 ἀμφὶ
1218 790 1420 860 Βούζην
1454 793 1538 844 καὶ
1567 789 1751 862 Φάραν
1781 793 1833 844 ἐν
1855 789 2001 865 χώρᾳ
2029 797 2093 862 τῇ

268 878 425 951 οἰκείᾳ
465 874 724 940 ἐτάξαντο.
814 878 866 930 ἐν
902 876 1068 952 τούτῳ
1100 885 1173 951 τῷ
1213 878 1337 952 ἔργῳ
1372 881 1591 946 Περσῶν
1616 875 1743 929 ἔπτὰ
1769 875 1977 940 ἔπεσον,
2024 869 2093 929 ὧν

2181 809 2184 849 i

2181 850 2184 940 1

268 963 333 1031 δὴ
378 968 482 1016 τῶν
521 960 772 1029 σωμάτων
807 960 1045 1030 Ῥωμαῖοι
1070 960 1383 1033 ἐκράτησαν,
1420 963 1502 1014 καὶ
1528 961 1586 1014 τὸ
1615 960 1792 1014 λοιπὸν
1814 958 2095 1029 ἡσυχάζον-

268 1069 350 1110 τες
371 1050 423 1100 ἐν
445 1045 581 1110 τάξει
605 1045 829 1118 ἑκάτεροι
856 1048 1046 1117 ἐζιιενον.
1115 1046 1184 1107 εἷς
1209 1049 1264 1100 δὲ
1290 1047 1416 1116 ἀνὴρ
1441 1045 1650 1117 Πέρσης
1675 1047 1906 1111 νεανίας,
1951 1045 2094 1115 ἄγχι-
2155 1049 2162 1060 ’

270 1154 370 1186 στα
393 1138 487 1186 τοῦ
505 1130 768 1200 Ῥωμαίων
790 1139 1014 1204 στρατοῦ
1036 1133 1126 1186 τὸν
1143 1135 1299 1185 ἵππον
1325 1130 1539 1197 ἐλάσας,
1567 1131 1900 1202 προύκαλεῖτο
1925 1129 2092 1183 ἅπαν·
2109 1143 2171 1194 w

270 1239 394 1284 τας,
441 1218 492 1271 εἷ’
510 1220 587 1280 τίς
613 1219 660 1271 οἳ
679 1215 916 1285 βούλοιτο
949 1221 999 1280 ἐς
1014 1227 1188 1290 χεῖρας
1213 1219 1355 1275 ἴέναι.
1425 1218 1510 1270 καὶ
1532 1222 1635 1271 τῶν
1656 1218 1749 1284 μὲν
1773 1215 1942 1270 ἄλλων
1963 1213 2095 1269 ὖπο-

271 1309 453 1372 στῆναι
491 1303 582 1356 τὸν
621 1304 853 1357 κίνδυνον
892 1302 1083 1371 ἐτόλμα
1124 1301 1330 1368 omas-J
1354 1302 1593 1372 Ἀνδρέας
1636 1303 1692 1354 δέ
1723 1295 1786 1369 ἦν
1808 1323 1886 1363 τις
1912 1302 1965 1354 ἐν
1987 1310 2095 1364 τοῖς

270 1386 471 1454 Βούζου
510 1389 707 1449 οἰκείοις
718 1429 734 1453 ,
780 1389 840 1440 οὗ
877 1385 1195 1459 στρατιώτης
1224 1389 1316 1456 μὲν
1352 1387 1476 1441 οὐδέ
1506 1408 1554 1440 τι
1584 1384 1814 1456 ἀσκήσας
1838 1392 1940 1440 τῶν
1963 1386 2095 1439 κατὰ
2133 1447 2137 1449 λ

270 1474 360 1527 τὸν
394 1471 613 1540 πόλεμον
642 1470 872 1538 πώποτε,
918 1475 1260 1542 παιδατρίβης
1285 1473 1340 1525 δέ
1365 1474 1448 1525 καὶ
1475 1474 1767 1546 παλαίστρᾳ
1788 1473 1884 1525 τινὶ
1907 1473 1960 1524 ἐν
1983 1476 2092 1524 Βυ-
2158 1522 2164 1535 ,

199 1572 239 1614 D
272 1555 776 1633 ζαντίῳέφεστηκώς.
860 1558 938 1610 διὸ
968 1558 1031 1624 δὴ
1061 1560 1241 1630 καὶτῷ
1268 1561 1475 1630 στρατῷ
1503 1558 1686 1622 εἵπετο,
1718 1556 1806 1610 ἅτε
1832 1561 1925 1610 τοῦ
1952 1554 2094 1610 Βού-

112 1657 154 1702 Η
182 1660 240 1704 20
272 1647 356 1710 ζου
386 1641 626 1710 σώματος
649 1643 701 1695 ἐν
722 1644 978 1716 βαλανείῳ
997 1641 1412 1710 ἐπιμελούμενος,
1455 1641 1596 1711 γένος
1628 1643 1684 1696 δὲ
1705 1638 1984 1708 Βυζάντιος
2012 1636 2090 1711 ἦν.
2146 1650 2155 1687 ·ὲ

264 1723 416 1791 οὗτος
448 1725 708 1799 ἐθάρσησε
744 1725 930 1795 μόνος,
979 1727 1094 1781 οὔτε
1131 1726 1331 1792 Βούζου
1367 1724 1484 1781 οὔτε
1511 1726 1668 1781 ι’ίλλου
1699 1725 1913 1782 ὁτουοῦν
1937 1729 2094 1796 ἐπαγ-
2137 1751 2141 1754 ’

262 1800 549 1886 γείλαντος,
598 1810 892 1881 αὐτόματος
938 1818 1012 1885 τῷ
1067 1810 1329 1885 ἀνθρώπῳ
1380 1813 1433 1875 ἐς
1473 1814 1794 1880 μονομαχίαν
1834 1813 2090 1874 ἐπεξιέναι.

264 1897 482 1972 φθάσας
521 1899 576 1951 δὲ
619 1898 709 1951 τὸν
748 1896 1018 1968 βάρβαρον
1053 1897 1126 1951 ἔτι
1159 1894 1620 1967 περισκοπούμενον
1658 1897 1758 1967 ὅπη
1798 1895 2092 1968 ὁρμήσεται,
2122 1914 2150 1939 π’

261 1985 406 2055 παρὰ
440 1983 602 2052 μαζὸν
635 1982 726 2036 τὸν
764 1983 924 2045 δεξιὸν
955 1987 1028 2056 τῷ
1067 1980 1246 2053 δόρατι
1278 1985 1428 2037 παίει.
1519 1980 1544 2037 ὃ
1586 1983 1642 2036 δέ
1674 1983 1868 2052 πληγὴν
1906 1982 2094 2053 ἀνδρὸς
2130 1982 2150 2045 'J

268 2073 480 2140 ἴσχυροῦ
515 2069 628 2121 λίαν
664 2067 756 2121 οὐκ
793 2068 997 2137 ἐνεγκὼν
1040 2069 1095 2121 ἐκ
1130 2074 1223 2121 τοῦ
1251 2069 1412 2122 ἰ’ππου
1443 2069 1494 2130 ἐς
1523 2067 1713 2138 ἔδαφος
1738 2070 1922 2122 πίπτει.
2009 2070 2093 2122 καὶ

265 2155 420 2208 αὐτὸν
438 2153 677 2224 Ἀνδρέας
699 2154 931 2226 μαχαίρᾳ
953 2155 1050 2206 τινὶ
1075 2155 1291 2228 βραχείᾳ
1318 2153 1485 2224 ὥσπερ
1515 2153 1691 2223 ἱερεῖον
1716 2150 1907 2216 ὖπτίως
1929 2154 2092 2220 κείμε-

261 2262 351 2295 νον
374 2240 528 2295 ἴθυσε
540 2279 557 2306 ,
596 2236 790 2310 κραυγή
815 2259 868 2291 τε
889 2236 1152 2310 ὑπερφυὴς
1175 2238 1228 2293 ἐκ
1250 2260 1303 2293 τε
1328 2244 1422 2293 τοῦ
1447 2235 1720 2312 περιβόλου
1745 2241 1829 2294 καὶ
1850 2244 1943 2294 τοῦ
1966 2236 2092 2294 Ῥω·-
2151 2284 2153 2286 .

381 2379 450 2423 17.
482 2371 592 2422 οὔτε
620 2373 830 2433 Βούζου]
860 2372 971 2421 οὐδὲ
1001 2373 1180 2430 Βοῦζου
1214 2375 1265 2419 Ρ.
1594 2424 1616 2441 α

265 2507 319 2537 ac
348 2491 515 2535 Pharas
541 2495 783 2549 praeerant.
839 2490 899 2534 Hi
937 2489 1086 2548 pedem
1114 2490 1278 2534 referre
1303 2490 1473 2534 sensim.
1531 2489 1645 2534 Tum
1671 2490 1880 2534 sustinere
1907 2503 1956 2532 se
1984 2490 2094 2533 Per-

267 2565 370 2602 sae,
397 2549 552 2600 veriti,
595 2555 643 2591 ut
670 2549 851 2605 opinor,
890 2563 943 2591 ne
970 2547 1412 2592 circumcluderentur.
1470 2547 1576 2590 Post
1603 2549 1658 2590 ab
1686 2548 1836 2590 iisdem
1862 2547 1946 2590 illis
1963 2578 1976 2598 ,
2018 2546 2093 2602 qui
2130 2573 2136 2582 ·

267 2612 386 2650 retro
426 2611 670 2657 cesserant,
710 2612 887 2661 repente
926 2604 1136 2662 appetiti,
1172 2619 1309 2661 neque
1344 2604 1662 2662 impressionem
1692 2605 1904 2654 ferentes,
1947 2604 2093 2647 citatis
2143 2615 2146 2620 '

268 2662 390 2719 equis
431 2663 684 2718 refugerunt
726 2662 780 2704 ad
818 2677 934 2704 suam
972 2663 1133 2713 aciem3
1175 2661 1355 2705 Romani
1394 2661 1450 2704 ad
1486 2661 1743 2717 assignatum
1770 2661 1851 2704 sibi
1880 2661 2016 2703 locum
2047 2666 2093 2704 et
2126 2664 2132 2671 “

268 2720 458 2764 ordinem
484 2733 578 2762 sese
608 2719 857 2761 retulerunt.
916 2719 979 2762 Eo
1010 2719 1053 2760 in
1084 2727 1312 2776 congressu
1342 2719 1502 2762 Persae
1531 2718 1764 2762 desiderati
1793 2722 1892 2761 sunt
1912 2724 2091 2775 septem,
2123 2736 2147 2769 z,

265 2790 443 2834 quorum
474 2789 655 2832 corpora
682 2782 975 2818 remanserunt
1005 2789 1136 2832 penes
1164 2778 1384 2818 Romanos.
1443 2774 1610 2818 Deinde
1650 2789 1742 2818 cum
1780 2774 1824 2818 in
1867 2777 1956 2818 suis
1984 2775 2094 2818 utri-
2121 2789 2159 2817 ,⁴-

264 2848 350 2891 que
379 2833 600 2876 ordinibus
628 2845 676 2874 se
706 2833 1000 2884 continerent,
1043 2833 1291 2875 adolescens
1319 2831 1490 2888 quidam
1516 2831 1651 2874 Persa
1679 2832 1855 2890 propius
1885 2832 1938 2874 ad
1968 2832 2091 2876 Rom.

263 2890 494 2934 exercitum
523 2888 705 2931 admisso
735 2904 873 2944 equo,
914 2902 1056 2932 omnes
1084 2889 1360 2946 provocavit,
1394 2889 1647 2940 inclamans,
1693 2904 1788 2933 num
1819 2889 1890 2932 cui
1916 2889 1972 2933 ad
2002 2903 2092 2932 ma·
2122 2898 2150 2942 ς’,

263 2962 362 2990 num
402 2947 703 2989 conserendam
742 2960 882 2988 secum
919 2947 1079 2988 animus
1117 2952 1244 2990 esset.
1302 2946 1434 2989 Certe
1463 2959 1586 2990 nemo
1615 2945 1662 2988 in
1689 2945 1914 2989 discrimen
1942 2946 2091 2989 venire
2120 2943 2146 2993 ιζ)

263 3017 393 3048 ausus
422 3009 490 3046 est
519 3009 694 3059 praeter
723 3003 932 3045 Andream
964 3004 1110 3046 Buzae
1139 3002 1439 3055 domesticum,
1473 3003 1546 3058 qui
1585 3017 1665 3046 nec
1702 3003 1892 3046 faciebat
1921 3003 2089 3059 stipen-
2122 3009 2155 3047 (ἴ,

262 3061 361 3112 dia,
399 3075 480 3103 nec
515 3074 604 3102 rem
642 3059 864 3102 militarem
901 3073 1085 3115 unquam
1114 3065 1405 3110 tractaverat3
1443 3059 1520 3101 sed
1549 3060 1693 3102 fuerat
1722 3059 1934 3113 Magister
1962 3073 2089 3102 exer-
2120 3080 2131 3107 ι

262 3118 399 3171 citor,
439 3120 483 3159 et
510 3116 734 3172 Byzantii,
775 3117 853 3159 ubi
881 3122 1006 3158 natus
1035 3122 1153 3168 erat,
1195 3115 1459 3160 Palaestrico
1487 3115 1586 3159 ludo
1616 3116 1902 3173 praepositus.
1960 3117 2088 3159 Tunc
2116 3118 2141 3175 ¹}

261 3187 365 3217 vero
409 3173 643 3216 exercitum
691 3174 978 3229 sequebatur,
1029 3173 1210 3228 fungens
1251 3174 1368 3229 apud
1405 3173 1566 3215 Buzem
1605 3173 1863 3216 balneatoris
1902 3186 2088 3216 munere.
2122 3193 2132 3213 ι

262 3231 348 3275 Hic
389 3244 523 3282 unus,
562 3245 645 3272 non
686 3230 842 3282 Buzis,
881 3243 963 3271 non
1003 3229 1113 3271 alius
1151 3230 1395 3286 cuiusquam
1424 3229 1636 3286 impulsu,
1676 3235 1722 3272 at
1751 3233 1905 3285 suapte
1934 3234 2088 3285 sponte
2119 3224 2143 3285 ξ

263 3302 390 3331 ausus
428 3292 495 3330 est
533 3287 693 3329 offerre
731 3301 779 3329 se
816 3285 1022 3341 singulari
1064 3286 1308 3341 certamini,
1350 3291 1398 3328 et
1435 3286 1482 3328 in
1521 3286 1755 3328 Barbarum
1796 3299 2087 3342 prorumpere,
2115 3290 2142 3334 β

263 3359 388 3402 quem
427 3346 551 3387 hasta
590 3343 722 3385 ferire
759 3356 973 3397 occupans
1015 3342 1287 3384 meditantem
1317 3343 1457 3385 adhuc
1482 3345 1690 3398 quomodo
1719 3343 1917 3398 impetum
1949 3343 2087 3394 daret,
2118 3347 2125 3386 ἱ

262 3402 471 3445 mamillae
499 3400 676 3443 dextrae
703 3399 860 3442 inflixit
886 3399 1030 3441 ictum.
1087 3399 1156 3440 Eo
1196 3399 1296 3450 ille,
1338 3399 1496 3455 quippe
1538 3400 1820 3443 robustissimi
1850 3400 1934 3442 viri
1962 3412 2086 3442 manu
2121 3422 2130 3443 a

262 3459 477 3515 impacto,
506 3457 696 3499 deiectus
726 3470 782 3500 ex
812 3471 919 3512 equo
949 3454 1066 3498 humi
1093 3455 1322 3498 sternitur:
1352 3469 1448 3497 mox
1482 3456 1671 3499 Andreas
1698 3457 1972 3513 resupinum,
2002 3470 2086 3499 non
2116 3459 2128 3498 1

265 3529 390 3560 secus
425 3530 476 3560 ac
514 3514 753 3570 victimam,
803 3513 972 3557 cultello
1015 3511 1208 3568 iugulat,
1249 3512 1347 3556 dum
1375 3511 1525 3568 ingens
1554 3528 1580 3558 e
1606 3527 1726 3559 muro
1755 3515 1934 3572 acieque
1961 3514 2083 3556 Rom.
2117 3534 2137 3574 9,
