2184 3822
278 180 306 234 1
316 178 395 234 30
1025 170 1358 225 PROCOPII

274 313 583 378 ἱκανώτατος
617 319 683 385 τῇ
723 317 816 381 τῆς
858 311 1090 374 παιδείας
1121 311 1399 385 περιουσίᾳ.
1444 305 1677 378 Ἰωάννης
1711 309 1768 361 δὲ
1802 309 1959 380 (πᾶσι
1993 307 2091 378 γὰρ

276 399 572 472 ἀνθρώποις
609 395 776 468 βαρύς
821 417 875 450 τε
921 394 1110 464 ὅμοίως
1145 398 1228 449 καὶ
1264 395 1483 466 χαλεπὸς
1516 390 1606 464 ἦν,
1663 390 1859 462 πληγάς
1899 415 1951 446 τε
1987 401 2093 455 τοῖς

277 487 679 557 προσπίπτουσιν
714 477 1047 549 ἓντεινόμενος
1085 483 1168 534 καὶ
1206 482 1272 535 τὰ
1301 479 1545 551 χρήματα
1580 473 1919 541 ἁπαξάπαντα
1959 474 2092 551 λόγῳ

211 579 260 625 Β.
279 573 442 626 οὐδενὶ
469 564 789 637 ληιζόμενος)
833 566 1043 620 δέκατον
1082 565 1190 629 ξ’τος
1225 568 1317 636 τὴν
1353 566 1515 635 ἀρχὴν
1554 564 1679 633 ἔχων
1711 563 1803 631 τὴν
1836 565 1979 631 δίκην
2002 562 2092 632 ὀρ-

275 662 390 717 θῶς
411 656 495 706 καὶ
530 653 735 714 δικαίως
764 655 858 721 τῆς
894 652 946 714 ἔς
981 651 1073 721 τὴν
1107 654 1305 707 δίαιταν
1346 651 1669 723 παρανομίας
1705 649 1885 713 ἐξέτισε
1920 645 2133 722 τρόπῳ5

273 741 466 813 τοιῷδε.

450 817 696 893 Θεοδῶρα
721 818 755 890 ἦ
783 823 986 889 βασιλὶς
1008 819 1198 891 ἤχθετο
1242 819 1382 893 αὐτῷ
1412 815 1616 872 πάντων
1649 813 1891 886 μάλιστα,
1926 817 2008 868 καὶ
2040 813 2095 877 ὃς

275 916 339 981 τῇ
366 910 559 979 γυναικὶ
582 907 997 977 προσκεκρουκώς
1026 902 1101 968 οἷς
1127 903 1387 976 ἧμάρτανε
1412 906 1611 977 θωπείᾳ
1637 904 1729 971 μὲν
1758 903 1917 971 αὐτὴν
1943 900 1975 969 ἢ
1993 898 2094 968 χά-

278 1017 376 1064 ριτι
402 998 665 1062 μετελθεῖν
691 990 758 1054 ὥς
777 991 957 1061 ἣκιστα
985 991 1107 1062 ἔγνω
1123 1031 1139 1057 ,
1178 993 1228 1054 ἒς
1255 990 1526 1058 ἐπιβουλὴν
1565 989 1621 1041 δὲ
1645 988 1775 1059 αὐτῇ
1804 989 1857 1040 ἐκ
1882 992 1973 1040 τοῦ
2003 987 2094 1054 ε’μ-

279 1085 475 1150 φανοῧς
501 1075 877 1145 καθιστάμενος
909 1079 959 1140 ἐς
997 1077 1086 1130 τὸν
1109 1077 1324 1143 βασιλέα
1349 1075 1636 1142 διέβαλλεν,
1684 1072 1800 1126 οὔτε
1824 1072 1916 1141 τὴν
1938 1068 2093 1139 τύχην
2109 1087 2164 1130 10

277 1167 532 1235 ἐρυθριῶν
556 1162 670 1217 οὕτε
692 1163 783 1230 τὴν
811 1163 1031 1231 στοργὴν
1058 1159 1445 1230 αῖσχυνόμενος,
1492 1158 1648 1228 ἥνπερ
1684 1160 1732 1220 ἐς
1755 1158 1914 1225 αὐτὴν
1940 1154 1965 1209 ὃ
1993 1163 2093 1221 βα-

276 1251 443 1312 σιλεῦς
486 1247 611 1318 εἶχεν
647 1249 870 1311 ἓξαισίαν
906 1250 1034 1301 οἵαν.
1087 1246 1372 1315 αἰσθομένη
1408 1245 1464 1298 δὲ
1499 1242 1532 1314 ἦ
1558 1246 1762 1312 βασιλὶς
1785 1249 1885 1296 τῶν
1916 1263 2094 1295 ποιου-

118 1351 162 1394 Η
191 1349 256 1394 43·
274 1336 438 1404 μένων
474 1342 661 1387 κτεῖναι
696 1333 787 1401 μὲν
827 1335 1061 1386 διενοεῖτο
1100 1332 1187 1384 τὸν
1225 1331 1532 1401 ἄνθρωπον,
1577 1335 1779 1400 μηχανῇ
1805 1330 1858 1381 δὲ
1883 1327 2094 1401 οἰδεμιᾷ

206 1425 243 1467 C
275 1419 428 1488 εἶχεν,
476 1420 578 1471 ἐπεὶ
615 1414 764 1486 λόγον
801 1417 962 1470 αὖτοῢ
1004 1415 1360 1477 ’Ῑουστινιανός
1398 1414 1640 1483 βασιλεὺς
1671 1415 1882 1467 ἐποιεῖτο
1920 1409 2093 1464 πολύν.

264 1505 415 1575 γνοῦς
442 1505 496 1556 δὲ
517 1499 755 1570 Ἰωάννης
777 1501 868 1571 τὴν
895 1507 986 1571 τῆς
1020 1504 1286 1569 βασιλίδος
1320 1501 1371 1562 ἔς
1399 1497 1554 1552 αὑτὸν
1590 1497 1794 1569 γνώμην
1814 1500 1864 1551 ἐν
1892 1499 2091 1565 δείμασι
2108 1515 2162 1559 15

264 1587 502 1659 μεγάλοις
531 1589 736 1657 ἐγίνετο.
775 1584 976 1641 ἐπειδάν
1003 1608 1055 1640 τε
1094 1585 1162 1649 ὥς
1198 1582 1535 1654 καθευδήσων
1574 1585 1625 1647 ἒς
1648 1584 1735 1638 τὸν
1764 1589 1980 1637 κοιτῶνα
2006 1583 2089 1648 ἴοι,

266 1680 370 1729 τῶν
392 1696 505 1727 τινα
526 1670 810 1744 βαρβάρων
834 1669 1204 1741 ἓπιστήσεσθαί
1228 1672 1276 1726 οἳ
1303 1669 1371 1734 ὥς
1395 1670 1688 1724 ἅπολοῦντα
1726 1667 2017 1722 ὑπώπτευεν
2043 1670 2094 1730 ἐς

267 1757 427 1813 νύκτα
468 1755 685 1827 ἑκάστην
697 1799 714 1823 ,
775 1755 1111 1828 ὖπερκύπτων
1151 1779 1203 1811 τε
1238 1756 1316 1810 ἀεὶ
1354 1757 1409 1809 ἐκ
1449 1760 1542 1809 τοῦ
1581 1757 1840 1823 δωματίου
1876 1757 1958 1807 καὶ
2000 1753 2094 1815 τὰς

270 1842 500 1905 εἰσόδους
526 1844 843 1913 περισκοπῶν
866 1844 1058 1904 ἄϋπνος
1095 1842 1231 1910 ἔζιιενε
1244 1883 1262 1908 ,
1312 1842 1492 1912 καίπερ
1532 1838 1912 1910 ἑταιρισάμενος
1937 1842 2092 1910 δορυ-

269 1927 444 2000 φόρων
471 1949 525 1981 τε
550 1930 632 1981 καὶ
656 1926 991 1982 ὑπασπιστῶν
1010 1924 1245 1996 χιλιάδας
1271 1926 1494 1991 πολλὰς,
1539 1925 1598 1979 οὗ
1625 1926 1825 1994 γεγονὸς
1847 1922 2088 1995 ὑπάρχων
2102 1937 2162 1981 20

268 2017 365 2069 τινὶ
396 2006 644 2086 πρότερον
669 2011 824 2068 τοῦτό
847 2034 916 2083 γε.
964 2012 1084 2066 ἀλλ’
1119 2011 1500 2082 ἐπιλελησμένος
1536 2009 1644 2079 ἅμα
1671 2008 1834 2085 ἡμέρᾳ
1859 2012 2014 2064 θείων
2039 2031 2091 2063 τε

377 2178 420 2221 1.
446 2177 506 2232 τῇ
530 2177 613 2234 τῆς
638 2176 812 2220 Suidas.
868 2177 1032 2222 Aberat
1058 2176 1133 2232 τῇ.
1245 2176 1288 2220 3.
1318 2175 1710 2230 προσπίπτουσιν]
1739 2174 2092 2227 περιπίπτουσιν

375 2232 533 2276 Suidas
562 2247 598 2278 s,
627 2248 667 2278 v.
698 2231 934 2289 Ἰωάννης.
1069 2233 1173 2276 ibid.
1213 2226 1521 2287 ἁπαξάπαντα
1559 2232 1728 2276 Suidas.
1791 2233 1925 2287 Vulgo
1963 2229 2089 2287 ἅπαξ

379 2286 578 2333 ἅπαντα.
692 2293 735 2336 5.
766 2290 980 2344 δίαιταν]
1007 2291 1143 2362 δίκην
1169 2289 1338 2332 Suidas.
1456 2294 1526 2335 10.
1556 2287 1732 2334 οὕτε-
1749 2286 1879 2345 οὔτε]
1911 2289 2086 2337 οὐδὲ-

379 2344 490 2392 οὐδὲ
518 2349 568 2391 Ρ.
687 2349 755 2393 15.
784 2346 962 2404 αὐτὸν]
992 2345 1138 2393 αὐτον
1166 2347 1218 2392 Ρ.
1276 2342 1425 2404 αὐτήν
1453 2347 1504 2391 L.

276 2491 372 2531 erat
406 2487 629 2541 conditus,
675 2493 720 2532 et
758 2489 982 2533 avaritiam
1022 2489 1278 2533 obscurabat
1313 2488 1541 2557 splendore
1592 2502 1775 2533 summae
1823 2489 2089 2535 eruditionis.

270 2547 431 2587 Contra
457 2546 658 2598 Ioannes,
691 2547 812 2589 homo
842 2563 981 2603 aeque
1007 2546 1197 2590 omnibus
1226 2559 1386 2602 gravis,
1416 2552 1460 2589 et
1487 2546 1595 2590 adeo
1624 2546 1903 2603 importunus,
1934 2554 1981 2590 ut
2009 2550 2088 2591 ob-

268 2601 380 2644 vium
410 2616 618 2659 quemque
648 2610 846 2646 oneraret
874 2604 1035 2660 plagis,
1077 2609 1122 2646 et
1150 2602 1312 2646 cunctis
1341 2617 1424 2646 uno
1452 2609 1643 2659 tempore
1673 2605 1862 2660 pecuniis
1890 2605 2089 2648 exhauri-

268 2667 337 2700 ret
364 2659 527 2701 indicta
561 2673 712 2708 causa,
743 2660 902 2704 decimo
933 2662 1105 2704 tandem
1136 2660 1443 2703 praefecturae
1470 2674 1579 2703 anno
1607 2674 1767 2717 poenas
1795 2661 1888 2704 iure
1917 2663 2088 2707 merito-

269 2728 352 2771 que
381 2715 500 2758 dedit
528 2717 881 2760 sceleratissimae
910 2724 955 2759 et
982 2717 1411 2761 contaminatissimae
1441 2717 1578 2760 vitae=
1607 2718 1718 2774 quod
1748 2718 1809 2761 ita
1838 2719 2008 2764 accidit.

382 2772 578 2814 Ioannem
599 2773 748 2816 oderat
774 2775 1006 2818 Theodora
1036 2778 1227 2831 Augusta
1241 2788 1368 2816 unum
1397 2773 1577 2817 omnium
1607 2775 1798 2818 maxime.
1861 2777 1987 2829 Quod
2013 2777 2087 2821 ille

270 2827 408 2871 odium
440 2829 523 2870 etsi
552 2830 678 2886 culpa
717 2844 795 2873 sua
834 2831 968 2888 ipsam
1010 2831 1264 2874 offendendo
1296 2835 1591 2883 contraxerat,
1631 2832 1737 2874 adeo
1769 2847 1851 2875 non
1880 2835 2085 2890 obsequio

265 2886 427 2928 ambire
456 2885 648 2929 feminam
677 2887 847 2943 sibique
874 2888 1032 2931 officiis
1062 2888 1293 2931 conciliare
1320 2887 1514 2940 studuit,
1542 2894 1590 2930 ut
1618 2895 1766 2944 aperte
1791 2890 1854 2932 illi
1894 2890 2086 2935 inimicus

268 2942 423 2985 crimen
453 2941 646 2985 intulerit
676 2946 789 3000 apud
824 2946 1085 3001 Augustum,
1122 2959 1201 2987 nec
1243 2944 1524 2988 conditionem
1552 2946 1827 2999 erubescens,
1858 2961 1936 2990 nec
1964 2963 2084 2992 amo-

266 3013 356 3042 rem
398 3013 599 3041 reverens
636 3000 872 3056 ingentem,
915 3016 998 3057 quo
1039 3016 1127 3044 eam
1156 3002 1392 3069 Imperator
1419 3001 1768 3058 amplectebatur.
1829 3003 1909 3046 His
1940 3006 2085 3048 Theo-

267 3057 371 3098 dora
399 3054 651 3108 intellectis,
681 3059 824 3114 coepit
852 3058 987 3102 animo
1015 3072 1197 3114 coquere
1224 3056 1504 3101 mterficiendi
1536 3057 1626 3101 eius
1652 3059 1894 3102 consilium:
1923 3067 1968 3103 at
1999 3077 2084 3119 qua

265 3111 312 3154 id
354 3112 424 3154 via
464 3113 691 3168 perficeret
732 3115 977 3158 nesciebat:
1027 3115 1224 3170 quoniam
1273 3115 1412 3171 ipsum
1437 3114 1592 3171 'magni
1629 3115 1816 3159 faciebat
1853 3121 2084 3174 Augustus.

266 3169 395 3212 Haud
433 3168 606 3224 ignarus
648 3170 827 3213 Ioannes
869 3186 952 3227 quo
1006 3178 1122 3214 esset
1161 3173 1206 3214 in
1245 3185 1292 3214 se
1333 3171 1468 3214 animo
1510 3175 1726 3227 Augusta;
1768 3175 2083 3229 percellebatur

278 3226 443 3281 magnis
470 3227 720 3269 terroribus.
779 3228 988 3270 Noctibus
1023 3229 1130 3270 enim
1171 3227 1376 3284 singulis,
1417 3226 1490 3271 ubi
1515 3242 1561 3271 se
1588 3229 1632 3271 in
1662 3230 1894 3273 cubiculum
1928 3233 2086 3288 quietis

267 3296 399 3325 causa
430 3291 680 3339 receperat,
725 3284 939 3327 imminere
968 3286 1148 3341 putabat
1176 3286 1408 3328 Barbarum
1435 3284 1615 3340 aliquem
1645 3285 1699 3327 ad
1726 3289 1896 3330 caedem
1924 3290 2083 3332 instru-

265 3344 404 3383 ctum:
431 3340 631 3395 quocirca
651 3355 675 3383 e
695 3341 877 3383 thalamo
898 3348 1030 3398 caput
1051 3341 1238 3397 quolibet
1258 3341 1458 3398 temporis
1480 3347 1637 3398 puncto
1660 3345 1896 3399 proferens,
1919 3360 2082 3388 omnes-

266 3411 350 3452 que
369 3396 511 3439 aditus
539 3397 915 3454 circumspectans,
945 3413 1127 3442 somnum
1155 3412 1236 3440 non
1265 3397 1454 3451 videbat,
1484 3399 1674 3453 quamvis
1701 3401 1940 3445 succinctus
1967 3407 2082 3447 esset
2171 3403 2184 3444 ,ἔ

263 3454 540 3498 Hastatorum
581 3468 633 3498 ac
672 3455 963 3499 Scutariorum
1000 3455 1140 3499 multis
1178 3454 1382 3499 millibus:
1424 3463 1630 3513 quantum
1669 3457 1914 3502 satellitium
1941 3459 2078 3504 nullus
2176 3461 2181 3471 l

2174 3506 2184 3551 t

2170 3562 2184 3635 Ξ
