2254 3814
353 203 479 264 404
1115 205 1450 260 PROCOPII

354 347 551 417 ἀπέβη,
599 349 682 400 καὶ
725 340 818 414 τήν
858 367 912 398 τε
954 341 1102 400 πόλιν
1141 342 1377 413 αὐτοβοεὶ
1410 342 1508 399 εἷλε
1531 340 1621 400 τόν
1645 366 1700 399 τε
1730 340 1980 416 τύραννον
2005 353 2056 402 Γ
2052 346 2191 403 ὥδαν

350 433 530 487 ἔκτεινε
570 434 654 484 καὶ
694 430 745 483 εἷ’
775 453 823 483 τι
859 430 998 501 ἄμφ’
1039 431 1198 484 αὐτὸν
1229 429 1454 499 μάχιμον
1489 426 1577 500 ἦν,
1659 434 1744 484 καὶ
1776 433 1879 484 ἐπεὶ
1906 432 1956 495 ἒς
1980 440 2072 503 γῆν
2099 441 2192 503 τῆς

350 515 561 585 Λιβύης
586 515 676 569 τὸν
701 515 952 583 βασιλέως
977 514 1163 570 στόλον
1196 515 1406 584 ἤκουσεν
1430 515 1582 583 εἶναι,
1627 516 1772 570 οὔπω
1805 539 1854 570 τι
1878 520 2192 586 πεπυσμένος

350 597 421 656 ὧν
447 598 610 672 ταύτῃ
634 600 916 669 ἐπέπρακτο
932 642 949 666 ,
993 598 1177 671 γράφει
1201 601 1329 669 πρὸς
1354 604 1606 674 Γελίμερα
1629 599 1752 655 τάδε
1795 643 1831 666 ,,
1848 601 2032 656 Γώδαν
2059 604 2192 657 ἀπο-

351 687 565 740 λωλέναι
603 685 693 738 τὸν
731 683 1016 757 τύραννον,
1060 684 1161 739 ὗπό
1187 696 1301 748 ταῖς
1334 684 1600 757 ἡμετέραις
1622 685 1861 757 γεγονότα
1887 691 2059 756 χερσὶ,
2106 692 2254 758 καὶᾶς

281 785 322 828 D
352 772 446 841 τὴν
485 776 644 839 νῆσον
679 764 836 832 αἷθις
863 770 964 823 ὑπὸ
1003 776 1068 842 τῇ
1106 777 1172 843 σῇ
1197 774 1432 846 βασιλεία
1461 770 1617 838 εἶναι,
1666 768 1707 827 ὦ
1735 776 2004 826 Βανδίλων
2032 795 2086 826 τε
2109 778 2195 828 καὶ
2253 783 2254 854 J

340 856 570 909 Ἀλανῶν
593 860 807 924 βασιλεῦ
821 897 838 921 ,
865 855 980 909 ἴσθι
1002 859 1085 908 καὶ
1111 857 1205 925 τὴν
1230 859 1466 910 ἐπινίκιον
1488 856 1670 928 ἑορτὴν
1696 856 1798 927 ἄγε.
1886 861 2072 914 τῶνδὲ
2097 882 2192 913 πο-
2253 859 2254 879 ³

161 953 204 995 H
237 954 320 997 120
348 943 534 1010 λεμίων
547 981 564 1007 ,
614 941 670 994 οἳ
688 938 976 1010 ἐτόλμησαν
1002 943 1054 1003 ἒς
1076 941 1169 1010 τὴν
1191 940 1439 1013 ἡμετέραν
1465 940 1868 1014 στρατεύεσθαι,
1915 942 2074 1009 ἔλπιζε
2099 946 2190 1013 τὴν

346 1035 526 1096 πεῖραν
554 1027 606 1088 ἐς
627 1032 780 1079 τοῦτο
810 1026 1090 1096 ἀφίξεσθαι
1117 1025 1290 1095 τύχης,
1332 1029 1382 1090 ἐς
1407 1027 1434 1082 ὃ
1461 1031 1545 1081 καὶ
1566 1026 1814 1100 πρότερον
1843 1037 1950 1090 τοῖς
1972 1031 2050 1082 ἐπὶ
2073 1031 2192 1091 τοὺς

347 1109 632 1182 προγόνους
663 1111 785 1173 τούς
826 1109 1102 1181 ἡμετέρους
1142 1113 1602 1182 στρατευσαμένοις
1639 1112 1937 1183 ε’χιόρησε.“
1964 1150 1966 1154 >
2022 1121 2188 1168 ταῦτα
2208 1125 2230 1170 1

348 1198 398 1250 οἳ
425 1193 673 1264 λαβόντες
698 1196 763 1249 τὰ
787 1194 1067 1266 γράμματα
1084 1237 1101 1262 ,
1149 1197 1298 1250 οὐδὲν
1320 1198 1562 1265 πολέμιον
1587 1200 1640 1251 ἐν
1667 1204 1738 1272 νῷ
1767 1198 1989 1267 ἔχοντες,
2039 1201 2189 1253 κατέ-

346 1289 571 1335 πλευσαν
606 1281 656 1343 ἐς
686 1281 774 1333 τὸν
804 1286 909 1333 τῶν
937 1283 1311 1351 Καρχηδονίων
1342 1283 1532 1349 λιμένα.
1617 1286 1700 1337 καὶ
1728 1284 1857 1354 πρὸς
1889 1290 1992 1337 τῶν
2020 1283 2189 1356 φυλά-

346 1389 449 1420 κων
470 1365 612 1435 παρὰ
641 1365 728 1418 τὸν
751 1366 1040 1436 στρατηγὸν
1062 1367 1382 1435 ἀπαχθέντες
1404 1365 1470 1420 τά
1502 1389 1556 1421 τε
1577 1367 1857 1440 γράμματα
1888 1371 2188 1441 ἐνεχείρισαν

170 1463 205 1505 Ρ
235 1463 318 1506 231
349 1453 434 1505 καὶ
469 1452 582 1522 περὶ
619 1443 690 1503 ὧν
715 1450 806 1512 τὰς
828 1448 1034 1513 πύστεις
1058 1452 1271 1506 ἐποιεῖτο
1298 1450 1623 1522 ε’σῆγγελλον,
1670 1452 1746 1518 οἷς
1772 1477 1824 1508 τε
1849 1455 2070 1509 ἐθεῶντο
2094 1477 2189 1509 κα-

343 1534 749 1605 ταπεπληγμένοι
785 1538 869 1589 καὶ
910 1534 1193 1605 τεθηπότες
1218 1543 1310 1606 τῆς
1329 1545 1622 1608 μεταβολῆς
1646 1540 1704 1595 τὸ
1730 1540 2014 1612 αἰφνίδιον,
2062 1540 2187 1596 ἔπα-
2203 1559 2228 1602 1

342 1628 445 1676 θον
466 1621 642 1690 μέντοι
669 1620 798 1691 πρὸς
824 1623 1134 1692 Βελισαριόυ
1162 1622 1310 1676 οὐδὲν
1333 1623 1504 1696 ἄχαρι.

508 1732 638 1788 εΥπὸ
677 1735 734 1787 δὲ
772 1734 862 1788 τὸν
902 1734 1061 1788 αὐτὸν
1099 1734 1289 1807 χρόνον
1327 1740 1411 1791 καὶ
1447 1738 1618 1808 ἕτερον
1654 1739 1939 1809 ’ξυνηνέχθη
1971 1737 2184 1796 τοιόνδε.

342 1825 395 1873 Γ
390 1821 557 1891 ελίμερ
604 1819 755 1892 ὀλίγῳ
787 1815 1035 1891 πρότερον
1059 1820 1089 1890 ἢ
1116 1824 1168 1884 ἒς
1190 1821 1406 1893 Λιβύην
1423 1822 1450 1877 ὃ
1478 1825 1733 1890 βασιλέως
1768 1823 1953 1888 στόλος
1977 1826 2185 1896 ἀφίκετο

342 1903 538 1974 ἔπεμψε
574 1905 810 1975 πρέσβεις
849 1906 900 1967 ἒς
928 1904 1190 1961 Ἱσπανίαν
1225 1908 1414 1971 ἄλλους
1451 1931 1506 1962 τε
1534 1912 1617 1982 καὶ
1645 1914 1695 1962 Γ
1692 1915 1907 1963 οτθαΐον
1930 1915 2014 1964 καὶ
2043 1917 2187 1964 Φου-

341 1993 520 2057 σκίαν,
568 1990 658 2060 ἐφ’
699 1983 740 2063 ᾧ
783 1990 846 2059 δὴ
879 1993 1095 2056 Θεῦδιν,
1140 1992 1231 2046 τὸν
1259 1999 1363 2047 τῶν
1396 1993 1752 2064 Οὗισιγότθων
1777 1994 2030 2063 ἄρχοντα,
2079 1999 2185 2050 πεί-

342 2095 521 2130 σουσιν
558 2073 838 2143 ὁμαιχμίαν
876 2075 1006 2145 πρὸς
1035 2079 1325 2141 Βανδίλους
1358 2081 1573 2135 θέσθαι.
1662 2081 1740 2145 οἳ,
1788 2081 1892 2134 ἐπεὶ
1920 2081 2186 2150 ἀπέβησαν

341 2161 393 2223 ἐς
414 2160 508 2231 τὴν
526 2159 764 2231 ἤπειρον,
810 2161 901 2215 τὸν
926 2162 979 2215 ἓν
999 2164 1268 2235 Γαδείροις
1290 2166 1534 2237 πορθμὸν
1557 2163 1852 2234 διαβάντες,
1898 2164 2184 2239 εὑρίσκουσι

455 2327 499 2370 8.
530 2321 891 2382 στρατεύεσθαι]
919 2325 1281 2382 στρατεύσεσθαι
1309 2328 1414 2372 HL:
1446 2328 1552 2374 illud
1567 2331 1667 2375 Hm.
1786 2331 1852 2375 13.
1882 2329 2185 2389 ἐνεχείρισαν]

454 2380 745 2438 ἐνεχείρησαν
759 2384 866 2426 HL:
897 2380 1174 2442 ἐνεχείρισαν
1202 2386 1483 2429 Hoeschelius
1511 2388 1556 2430 in
1586 2387 1873 2434 annotatione.
1992 2389 2062 2435 14.
2092 2387 2184 2435 πύ-

455 2451 574 2493 στεις
603 2440 732 2486 APm.
788 2442 961 2496 πίστεις
989 2443 1042 2486 Ρ.
1158 2444 1265 2490 ibid.
1292 2442 1582 2503 έσὴγγελλον]
1614 2444 1853 2503 ἐσὴγγελον
1880 2446 1933 2489 L.

338 2581 476 2639 primo
506 2582 624 2627 aditu
654 2583 800 2642 cepit,
847 2589 893 2628 et
922 2584 1091 2629 Godam
1120 2590 1347 2644 tyrannum
1378 2587 1470 2631 eius
1503 2602 1558 2630 ue
1584 2587 1743 2631 milites
1773 2603 1797 2631 e
1824 2587 1962 2631 medio
1991 2590 2183 2633 sustulit.
2232 2619 2233 2622 =

339 2639 478 2683 Simul
505 2642 792 2685 renuntiatum
823 2647 890 2684 est
920 2644 1105 2700 Augusti
1144 2644 1320 2687 classem
1349 2644 1393 2688 in
1436 2649 1472 2688 Α
1496 2646 1624 2688 ricam
1654 2645 1907 2698 advenisse3
1954 2660 2092 2689 rerum
2121 2647 2182 2691 ibi
2231 2646 2234 2652 '

339 2703 559 2752 gestarum
599 2699 738 2741 adhuc
784 2699 969 2752 inscius,
1018 2702 1127 2744 haec
1165 2701 1375 2745 Gelimeri
1417 2703 1605 2758 scripsit.
1680 2704 1847 2745 Godam
1874 2710 2104 2757 tyrannum
2133 2706 2181 2747 in

333 2761 594 2809 potestatem
614 2763 809 2799 nostram
835 2759 1059 2801 redactum
1082 2760 1315 2811 interiisse,
1345 2761 1452 2803 etin
1475 2761 1680 2803 ditionem
1703 2767 1849 2812 tuam,
1888 2762 2181 2804 Vandalorum

335 2814 656 2868 Alanorumque
683 2815 799 2867 Rex,
836 2816 1024 2857 insulam
1048 2817 1226 2859 rediisse
1245 2831 1326 2872 pro
1345 2824 1458 2860 certo
1479 2819 1614 2870 habe,
1667 2824 1710 2861 et
1723 2822 1840 2872 festo
1863 2819 1933 2860 dic
1954 2821 2180 2862 victoriam
2230 2854 2233 2860 .

335 2871 519 2911 celebra.
582 2872 706 2923 Quod
734 2873 794 2914 ad
825 2873 965 2915 hostes
994 2875 1177 2926 attinet,
1221 2876 1297 2929 qui
1317 2875 1363 2916 ιἰι
1382 2889 1482 2917 oras
1511 2882 1680 2919 nostras
1710 2882 1888 2931 portare
1909 2877 2063 2917 bellum
2083 2877 2181 2920 ausi
2230 2897 2235 2920 .=

334 2933 449 2978 sunt,
478 2941 607 2982 spera
620 2932 744 2982 sore,
775 2936 825 2972 ut
844 2931 1026 2972 eandem
1037 2933 1270 2984 fortunam
1290 2933 1590 2988 experiantur,
1630 2948 1719 2988 qua
1744 2934 1957 2988 quondam
1980 2934 2047 2974 usi
2064 2940 2178 2986 sunt,

334 2985 410 3038 qui
440 2985 486 3026 in
507 2987 690 3028 maiores
723 2987 888 3028 nostros
911 2989 1220 3043 expeditionem
1253 2996 1544 3045 susceperant.
1603 2989 1692 3041 Qui
1723 2990 1801 3031 has
1829 2989 1977 3030 literas
2007 2990 2180 3033 defere-

337 3040 465 3093 bant,
494 3041 600 3083 nihil
631 3042 786 3085 hostile
814 3043 1106 3099 suspicantes,
1135 3046 1190 3088 ad
1221 3045 1496 3103 Carthaginis
1525 3052 1692 3103 portum
1721 3045 2042 3102 applicuerunt:
2076 3048 2178 3090 inde

338 3111 366 3139 a
393 3099 645 3141 custodibus
672 3099 728 3141 ad
762 3100 1017 3154 Magistrum
1048 3102 1223 3144 militum
1253 3103 1388 3156 ducti,
1416 3104 1591 3146 traditis
1618 3103 1770 3154 literis,
1803 3117 1914 3159 quae
1942 3103 2014 3146 ille
2042 3103 2179 3147 inter-

337 3155 480 3211 posita
508 3155 595 3198 fide
625 3161 900 3212 percontatus
930 3163 1022 3207 est,
1053 3158 1353 3212 enuntiarunt,
1400 3160 1543 3203 oblata
1571 3160 1656 3202 sibi
1684 3173 1797 3202 nova
1825 3174 1963 3202 rerum
1992 3161 2176 3216 imagine

334 3212 552 3268 perculsi,
595 3227 650 3256 ac
678 3212 947 3268 repentinam
975 3214 1294 3259 conversionem
1322 3222 1564 3275 stupentes.
1634 3217 1863 3260 Caeterum
1893 3218 1998 3260 nihil
2028 3218 2071 3260 in
2101 3231 2178 3261 eos

334 3271 490 3313 acerbe
518 3270 674 3314 statuit
702 3269 955 3313 Belisarius.

450 3340 542 3383 Sub
570 3340 682 3384 idem
712 3345 877 3396 tempus
902 3355 974 3384 res
1003 3340 1211 3384 eiusmodi
1240 3341 1438 3398 contigit.
1510 3344 1645 3388 Paulo
1674 3347 1776 3388 ante
1803 3344 2030 3388 adventum
2060 3347 2174 3390 Cae-

335 3411 488 3442 sareae
517 3398 666 3441 classis
694 3398 737 3440 in
768 3398 978 3451 Africam,
1009 3399 1275 3441 Gotthaeum
1307 3404 1352 3441 et
1381 3400 1608 3446 Phusciam
1639 3417 1730 3446 cum
1759 3402 1856 3446 aliis
1886 3403 2050 3458 legatos
2080 3404 2174 3445 Ge·

337 3454 460 3498 limet
487 3455 533 3497 in
562 3454 816 3512 Hispaniam
844 3455 1032 3508 miserat,
1065 3461 1116 3498 ut
1145 3456 1350 3498 Theudin
1381 3456 1716 3514 Visigotthorum
1745 3460 1909 3514 Regem
1938 3460 1992 3502 ad
2022 3459 2174 3502 ineun-

338 3511 435 3555 dam
463 3526 558 3556 cum
588 3512 794 3557 Vandalis
822 3513 1071 3560 societatem
1098 3511 1365 3571 pellicerent.
1421 3514 1490 3559 Illi
1518 3517 1764 3562 transmisso
1792 3518 1904 3560 freto
1935 3517 2207 3571 Gaditanos
