2254 3814
329 188 454 247 458
743 232 747 240 .
1085 188 1417 242 PROCOPII

325 331 378 392 ές
398 330 456 383 τὸ
487 327 604 399 ὄρος·
619 371 633 394 ,
669 327 789 397 ὅπερ
816 325 1029 396 ἄγχιστα
1054 322 1143 396 ἦν,
1188 328 1510 398 ἀποχωροῦσι
1527 369 1539 387 ,
1585 323 1862 397 φεύγοντάς
1885 327 1939 381 τε
1963 328 2149 392 αὐτοὺς

324 415 413 478 ’ξὺν
448 410 584 484 πάσῃ
621 413 840 485 ἀκοσμίᾳ
873 411 1194 480 ἐπισπόμενοι
1219 411 1458 480 Ῥωμαῖοι
1485 412 1714 466 ἔκτεινον.
1802 414 1886 465 καὶ
1919 414 2148 482 λέγονται

323 498 679 568 Μαυρουσίων
706 495 879 566 μύριοι
904 498 957 550 ἐν
982 495 1148 570 τούτῳ
1178 503 1250 570 τῷ
1278 495 1417 569 πόνῳ
1450 497 1746 551 ἀποθανεῖν.
1833 500 2059 567 γυναῖκές
2092 521 2146 552 τε

259 598 297 640 B
328 589 486 636 πᾶσαι
514 582 602 645 ξὺν
627 589 735 643 τοῖς
761 584 932 635 παισὶν
961 582 1011 634 ἓν
1036 580 1374 650 ἀνδραπόδων
1395 579 1528 655 λόγῳ
1550 584 1790 652 ἐγένοντο.
1871 585 1954 635 καὶ
1979 581 2145 651 καμή-

318 675 440 729 λους
466 668 513 720 οἱ
538 671 848 737 στρατιῶται
875 664 1072 733 πάσας,
1119 667 1244 728 ὅσας
1271 667 1362 721 οὐκ
1389 667 1636 733 ἔκτειναν,
1680 669 1962 734 ἐληίσαντο.
2010 667 2186 723 οὕτωὸ

319 774 374 806 τε
411 750 649 820 Ῥωμαῖοι
684 753 776 818 μέν
817 752 904 814 ξὺν
946 749 1087 824 πάσῃ
1120 758 1183 825 τῇ
1223 754 1332 827 λεία
1368 753 1419 815 ἐς
1455 749 1768 824 Καρχηδόνα
1808 751 1997 824 ᾔεσαν,
2054 753 2147 820 τὴν

318 838 553 891 ἐπινίκιον
583 835 764 908 ἑορτὴν
794 835 1015 899 ἄξοντες.

492 919 580 990 ιβ’.
674 922 738 975 Οἳ
782 923 837 975 δὲ
872 920 1131 993 βάρβαροι
1167 927 1326 995 θυμῷ
1356 918 1611 992 χρώμενοι
1643 923 1895 990 πανδημεὶ
1921 921 2001 974 ε’πὶ
2022 919 2146 975 Ῥω-

315 1008 508 1075 μαίους
560 1001 716 1068 αὖθις
730 1048 747 1073 ,
800 1006 983 1060 οὐδένα
1020 1013 1167 1079 σφῶν
1216 1004 1546 1069 ἀπολιπόντες
1556 1047 1573 1072 ,
1630 1001 1969 1076 ἐστράτευσαν
1983 1047 2001 1072 ,
2061 1009 2144 1059 καὶ

321 1098 568 1146 καταθεῖν
609 1092 674 1145 τὰ
707 1093 759 1144 ἐν
795 1094 1031 1166 Βυζακίῳ
1060 1093 1222 1163 χωρία
1256 1091 1510 1163 ἤρξαντο,
1556 1090 1791 1158 οὐδεμιᾶς
1818 1089 2012 1159 ἡλικίας
2041 1097 2144 1145 τῶν
2162 1101 2222 1143 1οΔ

256 1196 297 1239 c
327 1179 470 1248 σφίσι
495 1173 922 1248 παραπιπτόντων
955 1175 1259 1248 φειδόμενοι.
1346 1176 1460 1245 ὄίρτι
1484 1198 1538 1229 τε
1563 1173 1827 1243 Σολόμωνι
1855 1177 1906 1238 ἐς
1929 1180 2144 1245 Καρχη-

321 1261 446 1316 δόνα
472 1260 734 1330 ἕληλακότι
765 1259 1022 1332 βάρβαροι
1048 1261 1232 1331 πλήθει
1253 1255 1455 1333 μεγάλῳ
1482 1263 1534 1323 ἔς
1558 1259 1812 1326 Βυζάκιον
1842 1261 2144 1330 ἐληλυθέναι

318 1349 402 1400 καὶ
426 1349 690 1416 ληίζεσθαι
722 1344 890 1400 πάντα
917 1347 980 1400 τὰ
1006 1348 1166 1418 ἐκείνῃ
1194 1346 1509 1415 ἠγγέλλοντο.
1598 1344 1727 1415 ἄρας
1759 1340 1848 1399 οἶν
1889 1346 2018 1399 κατὰ
2049 1345 2143 1399 τά-

310 1453 403 1500 χος
444 1435 594 1485 παντὶ
634 1437 705 1504 τῷ
746 1438 949 1505 στρατῷ
986 1432 1076 1486 ἐπ’
1116 1431 1304 1493 αὐτοῦς
1336 1429 1428 1502 ᾔει.
1514 1428 1775 1501 γενόμενος
1802 1432 1857 1483 δὲ
1893 1433 1944 1484 ἐν
1968 1435 2140 1501 Βουρ-

309 1515 496 1587 γάωνι,
540 1515 670 1570 ἔνθα
699 1517 746 1569 οἳ
782 1518 1010 1585 πολέμιοι
1043 1513 1600 1587 ἐστρατοπεδεύσαντο,
1645 1513 1839 1586 ἡμέρας
1875 1516 1966 1582 μέν
2000 1538 2140 1578 τινας
2158 1525 2213 1567 15

309 1599 664 1671 ἀντεκάθητο,
714 1600 880 1668 ὅπως,
926 1602 1127 1656 ἐπειδὰν
1169 1599 1384 1670 τάχιστα
1425 1601 1477 1654 ἓν
1513 1606 1586 1674 τῷ
1629 1599 1813 1669 ὅμαλεῒ
1830 1602 2068 1671 γένωνται
2093 1603 2141 1654 οῖ

312 1685 675 1758 Μαυρούσιοι,
714 1693 806 1756 τῆς
833 1691 1091 1756 ξυμβολῆς
1118 1686 1279 1756 ἄρχοι.
1339 1684 1408 1748 ὥς
1432 1688 1488 1739 δὲ
1517 1687 1691 1739 ἐκεῖνοι
1722 1687 1774 1738 ἐν
1799 1693 1871 1758 τῷ
1898 1686 2001 1756 ὄρει
2023 1686 2139 1753 ἔμε-

307 1795 423 1838 νον,
473 1773 630 1825 διεΐπέ
662 1793 715 1826 τε
748 1770 820 1834 ὥς
852 1774 904 1835 ἐς
936 1771 1105 1841 μάχην
1146 1775 1227 1825 καὶ
1262 1769 1512 1840 διεκόσμει
1542 1771 1601 1824 τὸ
1637 1769 1958 1839 στράτευμα,
2005 1773 2053 1825 οἱ
2083 1773 2139 1824 δὲ

307 1853 639 1926 ΖΙἸαυροῦσιοι
671 1856 721 1919 ἒς
749 1858 841 1924 μὲν
868 1858 926 1911 τὸ
956 1861 1128 1911 πεδίον
1165 1857 1348 1926 ἥκιστα
1380 1855 1646 1924 Ῥωμαίοις
1673 1857 1729 1909 τὸ
1759 1856 1933 1910 λοιπὸν
1961 1858 2010 1917 ἐς
2033 1854 2137 1924 μά-

240 1961 280 2005 D
305 1964 403 2011 χην
428 1944 552 1995 ἰέναι
575 1945 861 1996 διενοοῦντο
905 1943 1041 2015 (ἤδη
1068 1943 1164 2013 γὰρ
1195 1942 1383 2003 αὐτοὺς
1409 1939 1609 2009 ἄμαχόν
1632 1963 1680 1994 τι
1704 1942 1814 2003 δέος
1843 1939 2037 2013 ἐσῄει),
2084 1943 2135 1995 ἐν
2149 1949 2222 1991 20·

307 2029 362 2081 δὲ
399 2034 471 2100 τῷ
506 2027 611 2098 ὄρει
650 2026 857 2095 ἤλπιζον
898 2028 1024 2101 ῥᾷον
1063 2027 1386 2099 περιέσεσθαι
1424 2026 1596 2079 αὐτῶν
1625 2031 1699 2098 τῷ
1723 2027 1943 2099 πολέμῳ.
2032 2025 2136 2079 ἔστι

304 2114 361 2166 δὲ
386 2113 445 2167 τὸ
472 2112 590 2184 ὅρος
610 2110 890 2184 Βουργάων
913 2114 993 2166 ἐπὶ
1017 2118 1251 2167 πλεῖστον
1276 2113 1369 2181 μὲν
1392 2108 1657 2180 ἀπότομον
1680 2113 1764 2164 καὶ
1790 2112 1854 2166 τὰ
1875 2111 2002 2184 πρὸς
2026 2111 2134 2166 ἀνί-

500 2285 584 2342 ξυν
611 2285 767 2359 πάσῃ]
805 2289 1020 2348 ξυμπάσῃ
1050 2290 1100 2336 L.
1271 2290 1342 2333 21.
1382 2286 1500 2348 ῥᾷον
1528 2311 1585 2320 -
1612 2287 1794 2345 πολέμῳ
1822 2287 1967 2332 addidi
1998 2304 2052 2332 ex
2082 2291 2132 2333 Α.

416 2348 486 2390 22.
519 2344 772 2404 Βουργοίων
802 2361 883 2390 om.
914 2347 950 2390 L

299 2517 428 2559 bant.
459 2517 607 2573 pavidi
635 2518 818 2561 Barbari
846 2516 901 2560 ad
930 2517 1114 2560 vicinum
1141 2521 1323 2560 montem
1353 2515 1561 2560 evadere.
1601 2515 1883 2561 consternatis
1911 2515 1956 2558 in
1984 2517 2128 2571 fugam

298 2573 486 2624 instare,
516 2578 560 2617 et
589 2576 749 2618 inferre
779 2589 924 2618 necem
954 2573 1145 2620 Romani.
1202 2574 1253 2616 In
1282 2589 1332 2618 eo
1363 2575 1525 2643 praelio
1554 2574 1700 2617 decem
1728 2576 1970 2618 Maurorum
2000 2573 2128 2616 millia

296 2630 533 2673 concidisse
565 2633 679 2675 fama
710 2639 790 2675 est.
845 2633 1014 2688 Captae
1043 2647 1134 2674 cum
1166 2631 1308 2688 pueris
1337 2631 1518 2675 feminae
1546 2645 1704 2684 omneS,
1733 2638 1777 2674 et
1804 2631 1850 2672 in
1877 2629 2124 2672 servitutem

293 2687 497 2730 redactae
524 2697 646 2732 sunt:
688 2689 864 2742 cameli,
894 2689 1045 2744 quibus
1074 2690 1229 2731 serrum
1260 2695 1542 2757 pepercerat,
1586 2689 1631 2732 in
1658 2701 1804 2731 manus
1829 2701 1986 2730 venere
2015 2688 2124 2729 mili-

293 2749 397 2786 tum.
453 2732 605 2810 I'taque
634 2747 809 2789 Romani
840 2761 932 2788 cum
963 2746 1074 2788 omni
1105 2746 1262 2804 praeda
1291 2746 1596 2802 Carthaginem
1623 2745 1865 2797 redierunt,
1918 2744 2029 2786 diem
2057 2745 2124 2787 fe-

292 2806 401 2843 stum
429 2799 635 2845 victoriae
664 2818 794 2846 causa
822 2804 1094 2846 celebraturi.

407 2859 696 2902 12.1rritati
726 2860 934 2911 Barbari,
980 2860 1175 2903 conflatis
1216 2874 1269 2903 ex
1299 2859 1500 2903 universa
1527 2866 1682 2916 gente,
1730 2857 1894 2900 nemine
1924 2862 2122 2913 praeter-

290 2913 434 2966 misso,
463 2916 612 2970 copiis,
642 2917 793 2959 bellum
822 2918 867 2959 in
896 2918 1107 2960 Romanos
1136 2917 1392 2969 instaurant,
1434 2923 1480 2960 et
1506 2917 1727 2960 incursare
1759 2914 1983 2969 Byzacium
2011 2914 2122 2956 inci-

291 2971 430 3026 pium,
461 2972 608 3014 obvios
641 2988 846 3029 quosque,
877 2974 967 3016 sine
999 2974 1084 3017 ullo
1114 2975 1270 3017 aetatis
1299 2973 1543 3016 discrimine
1570 2978 1810 3016 sternentes
1839 2973 1968 3013 ferro.
2013 2971 2120 3014 Car-

289 3028 506 3083 thaginem
545 3029 616 3070 vix
646 3031 885 3073 intraverat
926 3031 1147 3082 Salomon,
1192 3046 1285 3073 cum
1326 3030 1445 3074 venit
1485 3030 1678 3080 nuntius,
1723 3029 1937 3071 Barbaros
1967 3043 2119 3083 magno

289 3098 462 3127 numero
491 3085 536 3126 in
564 3087 794 3141 Byzacium
823 3087 1053 3143 irrupisse,
1095 3088 1238 3143 ibique
1266 3087 1402 3130 omnia
1433 3086 1698 3144 depopulari.
1770 3086 1848 3128 Ille
1877 3102 1901 3127 e
1933 3086 2117 3140 vestigio

289 3156 381 3183 cum
411 3142 600 3184 exercitu
631 3143 829 3187 universo
862 3150 1030 3196 movet,
1081 3160 1220 3201 eoque
1251 3149 1470 3200 properat.
1526 3145 1816 3198 hagnonem,
1870 3143 1945 3184 ubi
1975 3144 2119 3184 hostes

288 3199 436 3240 metati
465 3206 614 3250 erant,
644 3214 736 3242 cum
766 3201 1005 3255 attigisset,
1049 3215 1126 3256 per
1153 3201 1244 3242 dies
1274 3201 1436 3256 aliquot
1466 3217 1491 3244 e
1518 3200 1695 3254 regione
1725 3200 1943 3266 consedit,
1988 3214 2116 3254 para-

287 3261 373 3307 tus,
403 3255 526 3298 simul
554 3270 604 3298 ac
632 3258 773 3299 Mauri
805 3257 850 3299 in
879 3258 1045 3312 planum
1075 3258 1360 3308 devenissent,
1402 3257 1606 3314 praelium
1635 3256 1910 3300 committere.
1968 3257 2026 3299 At
2053 3256 2114 3298 illi

290 3311 335 3353 in
375 3319 515 3355 monte
554 3313 799 3355 haerebant.
871 3315 983 3356 'lum
1020 3314 1114 3368 ipse
1152 3315 1284 3355 aciem
1327 3313 1382 3356 ad
1412 3328 1594 3370 pugnam
1631 3313 1809 3355 instruit
1846 3313 2113 3368 ordinatque.

291 3369 446 3411 Verum
487 3369 633 3412 animis
661 3370 983 3412 obstinaverant
1018 3369 1159 3411 Mauri
1187 3385 1396 3424 nunquam
1438 3371 1483 3414 in
1514 3385 1660 3427 campo
1689 3385 1780 3413 cum
1810 3370 2008 3413 Romanis
2038 3370 2113 3412 de-

289 3440 483 3478 cernere,
514 3432 559 3468 et
587 3427 812 3469 formidine
839 3426 1092 3481 gravissima
1121 3427 1324 3482 correpti,
1359 3426 1403 3468 in
1433 3435 1570 3471 monte
1597 3442 1712 3484 spem
1744 3429 1958 3470 habebant
1984 3441 2112 3481 repo-

291 3481 429 3528 sitam.
486 3484 571 3526 Est
598 3498 713 3527 mons
741 3485 940 3540 Burgaon
982 3483 1172 3541 plurimis
1201 3483 1243 3526 in
1272 3483 1375 3527 locis
1405 3486 1636 3542 abruptus,
1681 3492 1726 3528 et
1754 3500 1838 3541 qua
1867 3484 1920 3526 ad
1952 3484 2108 3526 Orien-
