2254 3814
375 181 494 240 442
1113 185 1444 239 PROCOPII

372 328 560 397 αἵρεσιν
585 326 868 396 Βελισαρίῳ
893 325 1169 394 παρέσχετο
1198 323 1404 378 ἑλέσθαι
1441 322 1658 394 ὁπότερα
1683 325 1746 378 ἂν
1772 326 1910 399 αὐτῷ
1939 328 2189 395 βουλομέ-

365 433 436 483 νῳ
464 412 557 478 εἴη,
587 407 776 480 πότερα
805 410 892 473 ξὺν
917 411 1154 480 Γελίμερί
1173 432 1226 463 τε
1249 413 1332 463 καὶ
1363 414 1632 472 Βανδίλοις
1657 413 1708 472 ἐς
1732 410 2009 476 Βυζάντιον
2039 413 2187 479 ἥκειν,

362 495 394 565 ἢ
435 496 592 548 αὐτοῦ
631 494 831 561 μένοντι
864 495 1078 557 ἐκείνους
1117 501 1324 548 στεῖλαι.
1413 493 1439 549 ὃ
1479 498 1534 549 δὲ
1565 495 1847 570 (οὐδὲγὰρ
1878 497 2071 550 ἔλαθον
2095 498 2188 549 αὖ-

362 581 450 633 τόν
475 580 523 632 οἳ
564 577 802 648 ἄρχοντες
830 580 922 648 τὴν
955 581 1232 650 τυραννίδα
1272 579 1640 652 ἐπενεγκόντες)
1683 582 1735 642 ἐς
1759 579 2040 645 Βυζάντιον
2068 582 2190 652 ἀφι-

362 666 546 718 κέσθαι
570 663 794 735 ἠπείγετο
813 706 828 729 ,
876 663 1012 727 ὅπως
1041 666 1104 733 δὴ
1129 664 1225 733 τήν
1251 687 1305 718 τε
1330 668 1495 718 αἰτίαν
1523 664 1791 734 ἐκλύσηται
1828 669 1911 718 καὶ
1934 666 2055 728 τοὺς
2077 670 2230 719 δια-5

361 747 617 818 βαλόντας
638 756 902 817 μετελθεῖν
929 748 1156 819 δύνηται.
1245 749 1346 824 ὅτῳ
1371 752 1427 803 δὲ
1454 748 1628 824 τρόπῳ
1655 750 1748 820 τὴν
1774 756 1876 804 τῶν
1898 749 2191 820 κατηγόρων

301 839 337 879 Β
367 843 544 903 πεῖραν
581 834 810 902 ἔμαθον,
867 836 995 904 ἐρῶν
1035 835 1262 906 ἔρχομαι.
1351 835 1434 889 ὅτε
1489 836 1552 905 δὴ
1604 835 1696 903 τὴν
1747 837 1993 905 διαβολὴν
2043 835 2191 903 τήνδε

363 924 622 972 ποιεῖσθαι
650 921 698 973 οἳ
725 917 1082 988 διαβάλλοντες
1105 921 1315 989 ἤθελον,
1345 922 1598 983 δείσαντες
1620 921 1693 989 μὴ
1717 923 1891 992 σφίσιν
1916 920 1942 975 ὁ
1965 921 2058 989 τὴν
2084 923 2191 973 ἐπι-

365 1004 554 1072 στολὴν
573 1005 769 1073 μέλλων
805 1011 1009 1072 βασιλεῖ
1025 1014 1212 1074 κομιεῖν
1247 1007 1300 1060 ἐν
1337 1003 1582 1078 θαλάσσῃ
1610 1005 1914 1076 ἀφανισθεὶς
1936 1006 2002 1059 τὰ
2021 1026 2188 1075 πρασ-

366 1088 556 1158 σόμενα
586 1089 904 1162 διακωλύσῃ,
940 1093 993 1144 ἐν
1018 1090 1111 1145 δύο
1147 1093 1510 1163 γραμματείοις
1533 1091 1626 1160 τὴν
1651 1093 1927 1162 τυραννίδα
1952 1088 2190 1169 γράψαν-

366 1196 480 1240 τες,
527 1175 765 1245 ἀγγέλους
795 1173 886 1229 δύο
928 1174 996 1238 ὥς
1018 1178 1234 1243 βασιλέα
1257 1179 1309 1230 ἐν
1335 1179 1486 1231 ναυσὶ
1511 1174 1604 1229 δύο
1631 1177 1851 1229 στέλλειν
1885 1179 2186 1230 διενοοῦντο.

366 1258 567 1314 τούτοιν
602 1259 778 1331 ἅτερος
814 1262 907 1327 μὲν
939 1262 1122 1315 λαθὼν
1160 1262 1422 1327 ἔπλευσεν,
1467 1259 1494 1315 ὃ
1525 1262 1580 1314 δὲ
1606 1261 1774 1331 ἕτερος
1798 1263 1851 1323 ἐξ
1875 1259 2103 1329 ὖποψιάς
2128 1259 2192 1330 δή

366 1367 500 1407 τινος
527 1347 580 1398 ἐν
605 1347 928 1418 Μανδρακίῳ
952 1345 1059 1415 ἥλω
1071 1387 1088 1412 ,
1134 1349 1218 1400 καὶ
1239 1346 1304 1400 τὰ
1326 1344 1605 1417 γράμματα
1626 1355 1733 1408 τοῖς
1760 1352 2006 1412 λαβοῦσιν
2035 1346 2191 1399 αὐτὸν

365 1432 642 1500 ἐγχειρίσας
672 1429 894 1483 ἔκπυστα
928 1431 1129 1500 ἐποίησε
1165 1432 1232 1485 τὰ
1273 1428 1620 1503 πρασσόμενα.
1709 1429 1871 1502 ταύτῃ
1911 1453 1965 1486 τε
2002 1430 2191 1499 μαθών

188 1515 232 1556 H
264 1516 345 1559 133
373 1513 700 1587 Βελισάριος,
747 1517 798 1578 ἐς
823 1515 944 1584 ὄψιν
969 1517 1136 1571 ἐλθεῖν
1158 1518 1250 1587 τὴν
1272 1517 1549 1585 βασιλέως,
1592 1515 1764 1588 ὥσπερ
1789 1514 2006 1588 ἐρρήθη,
2048 1516 2188 1586 ἠπεί·
2205 1520 2228 1562 1

360 1622 491 1672 γετο.
581 1606 744 1654 ταῦτα
767 1603 860 1669 μὲν
889 1601 952 1670 δὴ
974 1603 1025 1655 ἐν
1048 1601 1345 1673 Καρχηδόνι
1370 1603 1572 1673 ἐφέρετο
1605 1594 1718 1656 ὧδε.

297 1690 335 1731 C
533 1684 868 1756 Μαυρούσιοι
884 1688 948 1763 ,δέ
961 1729 977 1752 ,
1023 1686 1134 1741 ὅσοι
1162 1689 1213 1742 ἕν
1239 1710 1293 1742 τε
1318 1690 1553 1761 Βυζακίῳ
1579 1690 1662 1741 καὶ
1692 1687 1953 1760 Νουμιδία
1974 1685 2187 1758 ᾤκηντο,

363 1773 414 1833 ἐς
438 1768 724 1825 ἀπόστασίν
752 1795 806 1826 τε
827 1773 879 1835 ἐξ
908 1775 1075 1834 αἰτίας
1104 1773 1344 1842 οὐδεμιᾶς
1370 1771 1504 1827 εἶδον
1525 1775 1609 1826 καὶ
1643 1772 1736 1834 τὰς
1759 1772 1982 1833 σπονδὰς
2010 1769 2189 1824 διαλύ-

2207 1098 2230 1140 μ

357 1878 537 1918 σαντες
554 1866 730 1927 χεῖρας
756 1857 1008 1927 ἀνταίρειν
1034 1860 1334 1921 ἐξαπιναίως
1349 1856 1616 1927 Ῥωμαίοις
1638 1857 1878 1927 ἔγνωσαν.
1923 1859 2006 1909 καὶ
2036 1861 2187 1909 τοῦτο

357 1942 451 1995 οὐκ
479 1941 578 1995 ἄπο
603 1948 694 1995 τοῦ
717 1945 899 1996 οἰκείου
927 1941 1119 2014 τρόπου
1144 1946 1316 2015 σφίσιν
1340 1942 1636 2014 ἐπράσσετο.
1696 1941 1800 1996 ἐστι
1824 1943 1919 2013 γὰρ
1946 1942 1996 1995 ἐν
2023 1945 2187 1995 Μαυ-

358 2028 579 2095 ρουσίοις
621 2027 735 2080 οὔτε
778 2029 924 2080 θείου
968 2026 1133 2098 φόβος
1171 2029 1286 2082 οὔτε
1324 2027 1618 2100 ἀνθρώπων
1661 2025 1833 2089 αἰδώς.
1921 2027 2058 2094 μέλει
2092 2027 2188 2096 γὰρ

359 2111 533 2174 αι’·τοΐς
564 2111 680 2166 οὕτε
706 2111 868 2183 ὅρκων
896 2112 1011 2166 οὔτε
1041 2111 1278 2186 ὁμήρων,
1327 2113 1387 2182 ἢν
1408 2117 1491 2168 καὶ
1513 2115 1689 2176 παῖδες
1711 2112 1743 2182 ἢ
1773 2113 1984 2184 ἀδελφοὶ
2008 2118 2110 2166 τῶν
2136 2113 2188 2164 ἐν

477 2280 517 2321 1.
555 2273 752 2334 ὁπότερα
780 2276 869 2332 ἂν]
902 2275 1130 2333 ὁποτέραν
1158 2278 1225 2321 H:
1255 2277 1364 2322 illud
1393 2279 1492 2321 Hm.
1610 2279 1679 2325 15.
1710 2274 1911 2334 ἐρρήθη]
1941 2273 2110 2332 ἐῤῥέθη
2135 2277 2185 2319 Ρ.

471 2337 544 2380 22.
577 2332 684 2380 οὔτε
713 2333 863 2392 ὅρκων
894 2335 1031 2393 οὔτε]
1060 2333 1174 2382 0663:-
1204 2332 1354 2392 ὅρκων
1384 2334 1496 2382 οὐδὲ
1531 2335 1581 2379 Ρ.

362 2476 530 2527 Esurio,
561 2478 758 2520 malletne
787 2492 879 2521 cum
909 2479 1126 2522 Gelimere
1155 2494 1206 2523 ac
1236 2480 1440 2524 Vandalis
1467 2477 1616 2523 venire
1637 2477 1906 2534 Byzantium,
1930 2490 1985 2519 an
2014 2489 2186 2518 manens

361 2534 404 2576 in
434 2534 607 2587 Africa,
646 2535 766 2592 ipsos
794 2536 978 2580 mittere.
1036 2537 1117 2580 Ille
1152 2537 1264 2580 haud
1296 2539 1476 2592 ignarus
1515 2536 1599 2578 sibi
1638 2549 1664 2577 a
1694 2535 1872 2578 ducibus
1911 2533 2060 2576 inferri
2100 2533 2185 2574 cri-

358 2606 452 2634 men
483 2592 713 2635 afl'ectatae
740 2593 1006 2650 tyrannidis,
1035 2595 1249 2651 proficisci
1276 2594 1529 2651 Byzantium
1558 2593 1829 2644 maturabat,
1859 2597 1908 2634 ut
1936 2589 2183 2633 calnmniam

359 2650 604 2701 obtereret,
646 2650 824 2706 eiusque
853 2651 1040 2694 artifices
1070 2655 1300 2694 coerceret.
1365 2653 1461 2702 Quo
1502 2656 1642 2693 autem
1673 2656 1799 2706 pacto
1829 2649 2063 2691 delatorum
2093 2661 2184 2690 mo-
2244 2656 2247 2706 J

357 2706 546 2747 litionein
587 2708 862 2761 cognoverit,
901 2707 982 2750 iam
1023 2708 1195 2766 planum
1236 2707 1405 2751 faciam.
1464 2709 1570 2750 Cum
1609 2708 1720 2750 hanc
1758 2706 1821 2748 illi
1850 2704 2184 2749 criminationem
2242 2759 2244 2762 y

346 2762 643 2814 instruerent,
687 2778 739 2805 ac
768 2773 1020 2808 vererentur
1059 2780 1113 2808 ne
1142 2770 1290 2823 optato
1321 2771 1490 2808 careret
1518 2764 1663 2816 exitu,
1695 2764 1733 2807 si
1762 2763 1866 2820 quid
1896 2763 1939 2804 in
1969 2761 2072 2804 mari
2103 2763 2184 2802 hu-
2243 2774 2246 2781 ⁴

354 2819 536 2861 manitus
568 2820 608 2861 ei
636 2822 883 2873 accideret,
923 2824 1000 2878 qui
1041 2823 1098 2866 ad
1140 2825 1379 2879 Augustum
1421 2822 1627 2865 allaturus
1657 2826 1754 2864 erat
1783 2820 2028 2876 epistolam,
2061 2819 2184 2860 binas
2244 2823 2245 2826 ’

355 2875 528 2927 literas,
557 2878 794 2931 tyrannidis
823 2879 1010 2931 indices,
1053 2879 1266 2932 scribere,
1307 2879 1573 2936 totidemque
1615 2879 1669 2921 ad
1699 2878 1836 2935 ipsum
1865 2876 2110 2919 tabellarios
2139 2874 2182 2915 in

356 2932 462 2974 duas
491 2947 621 2975 naves
651 2934 895 2990 impositos,
925 2937 1092 2980 mittere
1122 2938 1449 2980 constituerunt.
1508 2936 1670 2979 Eorum
1700 2935 1824 2986 alter,
1854 2949 1881 2976 a
1908 2932 2073 2975 nemine
2104 2933 2180 2974 de·
2227 2935 2234 2959 ’-

353 2990 587 3047 prehensus
604 3021 617 3042 ,
645 3005 761 3033 mare
788 2994 1051 3036 transmisit:
1091 2994 1202 3036 alter
1239 2994 1284 3036 in
1324 3001 1453 3050 portu
1479 2992 1729 3035 Mandracio
1746 3024 1759 3043 ,
1803 2991 1905 3032 data
1934 2989 2078 3044 aliqua
2106 3002 2181 3030 su-

353 3045 570 3101 spiciam,
599 3047 884 3103 interceptus,
923 3051 1169 3093 tenentibus
1211 3065 1285 3105 se,
1328 3052 1477 3093 literas
1506 3049 1712 3102 tradidit,
1741 3048 2018 3101 technamque
2047 3060 2181 3087 enun-
2220 3050 2223 3054 ’

352 3102 495 3146 tiavit.
554 3103 653 3154 Qua
681 3107 853 3162 cognita
881 3107 1114 3150 Belisarius
1143 3108 1452 3165 Imperatorem
1482 3107 1624 3159 a'dire,
1667 3111 1715 3148 ut
1742 3104 1900 3146 dictum
1929 3110 2024 3155 est,
2054 3102 2179 3146 sesti-

355 3161 502 3203 uabat.
559 3160 681 3202 Haec
706 3161 750 3203 in
778 3164 884 3205 urbe
914 3164 1192 3219 Carthagine.

470 3231 642 3275 Mauros
672 3245 802 3286 vero,
833 3237 920 3274 tum
951 3234 1154 3290 Byzacii,
1198 3239 1286 3278 tum
1314 3233 1548 3278 Numidiae
1575 3232 1766 3284 incolas,
1812 3231 1866 3274 ad
1898 3229 2178 3274 defectionem
2224 3236 2227 3237 ’

358 3302 474 3330 mera
502 3287 628 3330 animi
655 3288 789 3331 libido
820 3288 988 3331 induxit
1017 3291 1308 3348 perpulitque,
1337 3297 1399 3344 ut,
1429 3296 1555 3347 rupto
1582 3289 1769 3340 foedere,
1799 3289 1844 3330 in
1867 3289 2080 3331 Romanos
2102 3288 2180 3329 de-
2227 3293 2230 3300 ’

358 3351 536 3401 repente
574 3345 858 3400 insurgerent.
931 3348 1085 3402 Neque
1113 3348 1157 3390 id
1187 3349 1240 3390 ab
1283 3362 1426 3390 eorum
1452 3347 1622 3403 ingenio
1652 3347 1846 3390 alienum.
1920 3345 2032 3388 Nam
2063 3343 2177 3400 apud

361 3402 537 3445 Mauros
566 3417 643 3444 nec
660 3402 751 3444 Dei
781 3403 919 3455 timor,
949 3419 1030 3447 nec
1058 3405 1269 3448 hominum
1295 3404 1541 3447 reverentia
1567 3404 1704 3447 locum
1726 3405 1897 3447 habent.
1954 3400 2085 3444 Nulla
2111 3407 2178 3442 est

360 3459 640 3502 iurisiurandi
666 3458 842 3516 religio,
881 3461 994 3504 nulla
1023 3462 1214 3506 obsidum
1241 3476 1371 3514 cura,
1410 3460 1601 3518 quamvis
1630 3460 1691 3504 illi
1719 3461 1788 3504 vel
1817 3459 1893 3502 filii
1920 3458 2081 3502 fuerint
2108 3456 2179 3499 vel
