2254 3814
358 148 481 213 390
1101 151 1438 207 PROCOPII

295 302 333 345 Β
362 320 446 352 κεν
480 293 621 351 εἶναι.
708 289 891 355 πάντες
928 292 984 345 δὲ
1022 290 1186 365 ᾤοντο
1222 290 1293 354 ὥς
1318 297 1458 364 σφᾶς
1481 293 1531 347 οἷ
1557 291 1691 363 ἀμφὶ
1710 291 1800 346 τὸν
1830 290 2074 363 Οὖλίαριν
2102 296 2187 347 δε-

356 377 560 451 ξάμενοι
599 374 881 447 στῆσονταί
909 399 963 431 τε
1001 380 1084 430 καὶ
1125 377 1214 441 ξῦν
1256 376 1432 440 αὐτοῖς
1469 375 1630 445 ὅμόσε
1654 378 1734 430 ἐπὶ
1756 377 1878 438 τοὺς
1902 381 2188 440 Βανδίλους

350 464 703 537 χωρήσουσιν·
749 462 868 516 ἀλλ’
908 464 1012 515 ἐπεὶ
1046 460 1157 531 ἅμα
1185 462 1439 532 ἐγένοντο,
1483 462 1626 533 παρὰ
1653 456 1806 524 δόξαν
1832 461 1931 531 ἤδη
1957 461 2190 530 ξύμπαν-

355 572 441 613 τες
464 549 560 604 ἀνὰ
586 544 772 618 κράτος
799 568 852 601 τε
882 546 1093 618 ἔφευγον
1122 549 1205 600 καὶ
1231 543 1408 620 δρόμῳ
1444 547 1537 616 τὴν
1576 549 1655 600 ἐπὶ
1683 543 1987 617 Βελισάριον
2015 547 2189 618 ᾔεσαν.

517 632 754 687 Ἐνθένδε
782 631 876 686 οὒκ
902 632 999 701 ἔχω
1028 635 1180 685 εἷπεΐν
1217 629 1244 685 ὅ
1273 633 1327 685 τί
1344 653 1466 687 ποτε
1502 631 1693 686 παθών
1716 635 1767 685 Γ
1763 633 1930 702 ελίμερ
1943 672 1959 697 ,
2001 633 2053 685 ἐν
2077 639 2230 694 ταΐς5

178 723 223 765 Η
255 720 335 765 115
361 721 534 789 χερσὶν
561 717 688 787 ἰύζων
707 717 765 772 τὸ
794 722 886 771 τοῦ
912 718 1137 784 πολέμου
1160 713 1375 787 κράτος,
1422 714 1717 778 ἐθελούσιος
1752 716 1881 770 αὐτὸ
1907 724 2015 779 τοῖς
2039 722 2190 770 πολε-

354 807 490 873 μίοις
510 809 737 873 μεθῆκε,
786 802 918 871 πλὴν
952 805 995 856 εἲ
1018 801 1091 870 μὴ
1118 803 1170 863 ἐς
1195 801 1284 855 τὸν
1308 801 1434 855 θεὸν
1464 803 1548 855 καὶ
1576 802 1641 855 τὰ
1673 806 1766 870 τῆς
1788 799 2038 868 ἀβουλίας
2063 801 2193 854 ἄνα-
2253 869 2254 872 ¹

356 890 522 961 φέρειν
546 885 740 957 δεήσει,
790 886 874 953 ὃς,
921 885 1068 956 ἡνίκα
1094 909 1142 940 τι
1170 883 1436 960 ἀνθρώπῳ
1463 890 1716 956 ξυμβῆναι
1753 884 1995 953 βούλεται
2023 892 2193 957 φλαῦ-
2253 873 2254 895 ³

359 997 451 1045 ρον
462 1015 479 1041 ,
515 979 619 1027 τῶν
658 978 915 1043 λογισμῶν
950 969 1216 1041 ἁψάμενος
1254 976 1459 1039 πρῶτον
1495 971 1589 1025 οὐκ
1628 973 1687 1046 ἐᾷ
1714 971 1780 1025 τὰ
1812 973 2111 1034 ’ξυνοίσοντα
2140 973 2192 1033 ἐς

352 1059 547 1131 βουλὴν
597 1058 855 1126 ἔρχεσθαι.
954 1057 1049 1111 εἴτε
1079 1057 1176 1127 γὰρ
1222 1057 1320 1124 τὴν
1364 1059 1534 1120 δίωξιν
1587 1056 1856 1126 εὖθυωρὸν
1893 1054 2185 1124 ἐποιήσατο,
2207 1064 2254 1108 lc

281 1155 320 1199 C
359 1144 475 1199 οὐδ’
508 1142 573 1197 ἂν
597 1142 755 1196 αὐτὸν
776 1139 1061 1210 ὓποστῆναι
1084 1139 1388 1212 Βελισοῖριον
1415 1139 1586 1208 οἶμαι,
1635 1141 1754 1194 ἀλλ’
1799 1140 1962 1211 ἄρδην
1985 1140 2191 1194 ἅπαντα

352 1228 474 1299 ἡμῖν
503 1231 862 1299 διαφθαρῆναι
891 1227 956 1279 τὰ
978 1223 1283 1297 πράγματα·
1328 1231 1576 1279 τοσοῦτον
1605 1226 1668 1295 δὴ
1703 1222 1765 1279 τό
1786 1247 1838 1279 τε
1863 1231 1965 1279 τῶν
1994 1228 2191 1279 Βανδί-

355 1321 459 1369 λων
484 1319 691 1382 πλῆθος
724 1309 784 1365 τό
813 1333 867 1365 τε
904 1310 1075 1365 αὐτῶν
1099 1310 1230 1364 κατὰ
1250 1308 1514 1378 Ῥωμαίων
1536 1310 1650 1373 δέος
1678 1310 1911 1382 ἐφαίνετο
1930 1328 1941 1340 ·
1987 1311 2082 1364 εἴτε
2105 1313 2192 1364 καὶ

354 1395 694 1469 Καρχηδόνος
722 1397 854 1451 εὐθὺ
877 1395 1066 1466 ἤλασε,
1113 1393 1237 1457 τούς
1259 1417 1314 1449 τε
1338 1396 1428 1459 ξὺν
1452 1393 1660 1468 Ἰωάννῃ
1685 1395 1907 1458 εἰπετῶς
1934 1394 1997 1449 ἃν
2024 1395 2191 1450 ἅπαν-

354 1505 450 1547 τας
477 1483 714 1549 ἔκτεινεν,
761 1483 814 1535 οἵ
848 1502 901 1552 γε
934 1480 1064 1535 κατὰ
1108 1481 1196 1535 ἕνα
1234 1482 1318 1534 καὶ
1356 1478 1448 1535 δύο
1483 1478 1983 1553 ἀφροντιστήσαντές
2018 1503 2071 1536 τε
2108 1483 2190 1535 καὶ
2208 1486 2254 1531 1⁵

354 1565 666 1639 περιπάτους
706 1568 758 1620 ἐν
781 1572 856 1640 τῷ
888 1567 1046 1641 πεδίῳ
1072 1562 1367 1634 ποιούμενοι
1388 1566 1511 1629 τοὺς
1533 1566 1790 1635 κειμένους
1810 1564 2020 1621 ἐσύλων.
2108 1569 2194 1620 καὶ

352 1651 447 1724 τὴν
469 1651 616 1708 πόλιν
643 1652 732 1716 ξὺν
769 1661 877 1714 τοῖς
894 1650 1127 1722 χρήμασι
1167 1649 1550 1718 διασωσόμενος
1576 1657 1680 1705 τῶν
1708 1673 1762 1705 τε
1789 1649 2044 1722 ἡμετέρων
2067 1657 2193 1706 νεῶν

180 1751 216 1793 V
246 1751 332 1797 376
361 1740 421 1794 οὗ
462 1736 639 1810 πόρρω
678 1737 999 1809 ἀφικομένων
1037 1730 1232 1807 ἐκράτει
1274 1739 1358 1789 καὶ
1399 1736 1522 1806 ὅλην
1565 1734 1686 1806 ἡμῖν
1725 1736 1987 1790 ἀνέστελλε
2019 1743 2113 1791 τοῦ
2139 1758 2192 1790 τε

354 1821 588 1880 ἀπόπλου
618 1825 702 1876 καὶ
739 1828 832 1891 τῆς
869 1824 1011 1891 νίκης
1039 1823 1234 1876 ἐλπίδα.
1324 1821 1456 1875 ἀλλὰ
1482 1821 1581 1892 γὰρ
1617 1821 1800 1893 ἔπραξε
1824 1817 2019 1876 τούτων
2044 1822 2192 1876 οὐδέ-

352 1931 497 1981 τερα.
580 1905 751 1977 βάδην
790 1908 846 1960 δὲ
880 1906 1069 1960 κατιών
1107 1908 1162 1959 ἐκ
1200 1911 1292 1960 τοῦ
1330 1903 1527 1978 λόφου,
1574 1907 1678 1960 ἐπεὶ
1706 1909 1757 1960 ἐν
1782 1911 1855 1979 τῷ
1882 1905 2063 1974 ὃμαλεΐ
2086 1907 2254 1977 {ys-m

353 2015 468 2049 νετο
505 1995 591 2047 καὶ
617 1993 876 2063 τάδελφοῦ
909 1992 1000 2045 τὸν
1034 1991 1210 2062 νεκρὸν
1241 1989 1400 2057 εἶδεν,
1447 1990 1498 2054 ἔς
1530 2012 1584 2045 τε
1615 1989 1917 2062 ὀλοφύρσεις
1946 1990 2193 2063 ἐτράπετο

284 2085 325 2131 D
354 2082 440 2134 καὶ
465 2084 558 2149 τῆς
593 2083 765 2150 ταφῆς
794 2074 1149 2146 ἐπιμελόμενος
1180 2075 1316 2131 οὕτω
1342 2077 1407 2144 δὴ
1444 2082 1539 2131 τοῦ
1563 2082 1745 2149 καιροῦ
1769 2077 1863 2147 τὴν
1891 2077 2057 2147 ἀκμὴν
2089 2077 2192 2147 ἤμ-

467 2230 513 2273 7.
542 2225 589 2279 ἐς
617 2227 667 2270 L.
728 2227 795 2278 εἰς
823 2227 873 2271 Ρ.
1018 2229 1062 2272 8.
1106 2227 1338 2285 ξυμβῆναι
1375 2224 1617 2284 βούλεται]
1656 2223 1883 2286 βούληται
1924 2227 2193 2283 ξυμβαίνειν

466 2287 597 2390 ῗῖιέἑν
616 2282 870 2386 ,βούληται
898 2285 1052 2341 Reg.“
1082 2284 1235 2328 Imm.
1383 2285 1452 2329 15.
1490 2299 1539 2330 ts
1567 2297 1651 2330 om.
1679 2286 1732 2329 A.
1875 2286 1949 2330 21.
1990 2284 2110 2330 εἶδεν
2138 2286 2191 2328 L.

351 2469 514 2527 pisset,
556 2472 794 2521 staturum,
833 2468 938 2526 quin
979 2469 1106 2513 etiam
1145 2469 1372 2514 coniuncte
1415 2483 1713 2529 processurum
1749 2469 1796 2513 in
1834 2469 2064 2513 vandalos.
2134 2471 2192 2513 At

350 2529 495 2571 statIm
526 2532 574 2570 ut
603 2526 795 2584 permisti
827 2532 952 2579 sunt,
981 2533 1157 2584 praeter
1184 2527 1425 2584 opinionem
1454 2535 1633 2585 arrepta
1662 2529 1796 2584 fuga,
1836 2522 2038 2584 quantum
2068 2527 2194 2583 pedi-

351 2586 434 2627 bus
462 2584 689 2639 valebant,
725 2588 847 2627 recta
875 2598 1016 2627 omnes
1045 2585 1101 2627 ad
1125 2584 1376 2628 Belisarium
1406 2587 1732 2628 contenderunt.

468 2641 587 2691 Quid
625 2654 779 2684 causae
815 2640 970 2685 deinde
1009 2642 1147 2685 fuerit
1191 2656 1267 2685 cur
1306 2642 1522 2692 Gelimer,
1566 2656 1657 2685 cum
1686 2639 1908 2684 victoriam
1936 2640 2117 2683 haberet
2145 2638 2191 2682 in

351 2696 574 2750 manibus,
611 2711 704 2741 eam
745 2697 858 2740 hosti
901 2705 1054 2754 sponte
1093 2698 1332 2750 dimiserit,
1371 2698 1589 2756 explicare
1629 2711 1712 2741 non
1751 2712 1887 2755 queoz
1928 2697 2011 2739 nisi
2051 2697 2192 2739 dicam
2248 2699 2254 2746 ’ζ

349 2754 487 2810 ipsam
517 2769 688 2812 quoque
729 2754 1053 2811 imprudentiam
1082 2756 1350 2799 referendam
1383 2757 1439 2799 ud
1467 2755 1594 2799 deum
1621 2769 1747 2808 esse,
1787 2755 1861 2811 qui
1891 2768 2032 2797 casum
2062 2753 2193 2795 alicui
2251 2767 2254 2774 <

350 2812 580 2854 adversum
610 2807 859 2865 destinans,
899 2812 1017 2869 prius
1058 2819 1239 2856 mentem
1278 2813 1391 2856 illius
1432 2812 1683 2870 praepedit,
1725 2826 1804 2855 nec
1834 2811 1940 2854 utile
1969 2811 2192 2853 consilium

349 2866 462 2911 inire
503 2867 619 2911 sinit.
677 2869 756 2911 Ille
796 2874 916 2912 certe
955 2869 992 2911 si
1070 2871 1236 2914 rotinus
1281 2870 1502 2913 insecutus
1554 2875 1671 2913 esset
1709 2868 1954 2924 fugientes,
1992 2866 2192 2909 cessisset

348 2923 470 2981 ipse,
501 2939 592 2967 meo
622 2925 794 2982 quidem
822 2925 1005 2979 iudicio,
1075 2927 1299 2979 elisarius,
1330 2941 1484 2983 resque
1513 2939 1658 2970 omnes
1684 2934 1858 2968 nostrae
1886 2937 2052 2980 pessum
2082 2923 2192 2966 ivis·
2244 2932 2254 2975 ’ς

349 2987 472 3024 sent:
501 2986 650 3024 tantus
682 2983 966 3025 Vandalorum
997 2984 1234 3036 exercitus,
1266 2990 1387 3027 tanta
1425 2985 1708 3026 Romanorum
1738 2980 1967 3038 trepidatio
1998 2993 2093 3022 esse
2121 2981 2190 3022 vi-
2250 2999 2254 3003 ·

352 3038 550 3081 debatur.
608 3039 736 3089 Quod
767 3040 803 3082 si
833 3039 961 3082 etiam
999 3042 1119 3084 recta
1157 3041 1463 3097 Carthaginem
1508 3044 1810 3097 properasset,
1850 3050 1948 3089 eos,
1991 3037 2066 3092 qui
2096 3050 2190 3080 cum
2248 3054 2251 3059 ·

351 3095 510 3138 Ioanne
531 3103 683 3146 erant,
725 3096 854 3138 facile
883 3096 1138 3148 delevisset,
1178 3112 1271 3140 cum
1301 3098 1370 3140 vel
1399 3096 1556 3151 singuli
1586 3100 1817 3151 separate,
1848 3094 1919 3136 vel
1950 3093 2037 3136 bini
2066 3094 2190 3136 simul

349 3153 643 3208 spatiarentur
670 3151 715 3194 in
746 3165 893 3208 campo
923 3153 1087 3205 securi,
1119 3157 1163 3195 et
1191 3168 1298 3210 quos
1326 3158 1595 3203 straverant,
1626 3151 1876 3208 spoliarent.
1936 3150 2053 3202 Quin
2080 3151 2190 3194 urbe
2252 3183 2254 3185 -

350 3215 397 3251 et
425 3223 535 3264 gaza
569 3209 777 3259 servatis,
816 3209 929 3251 haud
969 3209 1096 3264 longe
1138 3210 1303 3266 positas
1343 3222 1474 3252 naves
1515 3206 1684 3251 nostras
1723 3209 1934 3265 cepisset,
1981 3220 2188 3263 spemque

336 3279 513 3308 >omnem
544 3279 634 3308 cum
680 3265 969 3320 navigationis
1011 3271 1102 3308 tum
1133 3266 1340 3308 victoriae
1370 3265 1490 3308 nobis
1519 3265 1754 3308 incidisset.
1811 3268 1870 3308 At
1898 3271 2092 3306 neutrum
2120 3264 2188 3306 fe·
2250 3279 2254 3281 ·

349 3322 426 3365 cit.
487 3323 598 3365 Nam
625 3323 735 3366 colle
765 3323 809 3364 in
841 3322 1059 3378 planitiem
1092 3322 1352 3378 pedetentim
1383 3322 1634 3377 degressus,
1674 3327 1904 3379 conspecto
1934 3321 2083 3363 fratris
2113 3335 2188 3363 ca-

351 3379 538 3432 davere,
566 3393 614 3422 se
647 3381 700 3422 ad
731 3380 914 3422 lamenta
942 3379 1184 3430 convertit,
1224 3385 1477 3435 tempusque
1517 3386 1563 3421 et
1593 3393 1738 3421 curam
1771 3390 1933 3436 ponens
1962 3377 2007 3419 in
2035 3392 2086 3420 eo
2116 3383 2187 3419 tu·
2247 3387 2254 3427 -j

352 3435 578 3492 mulando,
620 3436 883 3480 occasionem
926 3437 1129 3480 excidere
1169 3449 1319 3494 passus
1348 3443 1438 3491 est,
1481 3450 1609 3493 quam
1638 3436 1833 3494 arripere
1858 3448 2068 3492 nunquam
2097 3447 2187 3477 am-
