2184 3822
262 207 291 262 1
302 207 334 261 3
343 204 379 262 4
1006 197 1336 251 PROCOPII

261 339 609 412 διαβάλλουσα
632 339 757 409 πρὸς
781 338 868 391 τὸν
899 335 1058 406 αὖτῆς
1084 335 1248 408 ἄνδρα
1278 335 1342 390 τὰ
1377 335 1504 408 πρὸς
1522 329 1762 390 Ἰωάννου
1788 333 1863 385 ἐπὶ
1891 337 1953 403 τῇ
1983 353 2074 384 τυ-

194 435 232 477 D
263 431 456 499 ραννίδι
496 422 853 496 πρασσόμενα,
911 426 1127 492 Ναρσῆν
1166 443 1220 475 τε
1256 421 1345 476 τὸν
1385 421 1623 489 εὐνοῦχον
1652 420 1734 472 καὶ
1771 415 2075 487 Μάρκελλον

258 514 347 566 τὸν
372 518 474 566 τῶν
499 512 548 563 ἐν
573 509 801 580 παλατίῳ
826 512 1068 578 φυλακῶν
1090 505 1312 575 ἄρχοντα
1339 507 1389 569 ἐς
1420 503 1773 576 Ῥουφινιανὰς
1801 502 1890 565 ξὺν
1917 523 2075 571 στρα-

259 593 462 658 τιώταις
483 599 687 655 πολλοῖς
711 591 948 660 ἔπεμψεν,
997 591 1082 663 ἐφ’
1115 584 1155 665 ᾧ
1187 587 1620 662 διερευνησάμενοι
1641 589 1705 643 τὰ
1731 583 2076 658 πρασσόμενα,

261 682 324 750 ἢν
354 681 440 734 τὸν
464 675 697 746 Ἰωάννην
720 674 979 747 πράγμασι
1006 677 1264 747 νεωτέροις
1289 677 1605 746 ἐγχειροῦντα
1632 670 1879 744 εὖρήσωσι
1894 712 1909 736 ,
1949 672 2120 723 κτει’-5

260 785 434 826 ναντες
461 763 550 817 τὸν
582 762 859 832 ἄνθρωπον
891 761 1050 824 εὐθὺς
1075 759 1393 830 ἐπανήξουσι.
1439 762 1522 813 καὶ
1559 759 1608 812 οἳ
1627 751 1720 826 μὲν
1747 760 1825 810 ἐπὶ
1853 761 1925 828 τῷ
1954 755 2081 827 ἔργῳ

261 848 427 923 τούτῳ
452 847 762 902 ἐστέλλοντο.
823 849 949 918 φασὶ
974 847 1029 900 δέ
1050 847 1264 914 βασιλέα
1293 851 1394 898 τῶν
1435 843 1748 910 ποιουμένων
1774 837 2083 907 αι’σθόμενον

263 941 366 989 τῶν
406 955 520 987 τινα
546 929 754 1006 Ἰωάννῃ
805 933 1094 1001 ἐπιτηδείων
1147 930 1277 1000 παρ’
1323 929 1478 983 αὐτὸν
1515 928 1712 996 πέμψαι
1726 968 1742 993 ,
1800 926 2084 995 ἀντεροῦντα

265 1019 406 1091 αὐτῷ
447 1020 663 1087 μηδαμῆ
691 1023 752 1087 τῇ
770 1018 1037 1088 Ἀντωνίνῃ
1081 1017 1295 1083 ἐντυχεῖν
1326 1012 1519 1083 λάθρα.
1574 1009 1810 1081 Ἰωάννης
1839 1012 1893 1063 δέ
1923 1013 2085 1080 (χρῆν

267 1105 365 1175 γάρ
406 1103 546 1176 αὐτῷ
585 1101 819 1172 γενέσθαι
855 1105 1058 1169 κακῶς)
1097 1101 1189 1169 τὴν
1219 1099 1467 1167 βασιλέως
1504 1095 1775 1166 ὑποθήκην
1815 1097 1866 1149 ἐν
1905 1094 2084 1167 ἀλογία
2103 1103 2156 1145 10

268 1188 599 1257 πεποιημένος
625 1186 758 1257 ἀμφὶ
779 1183 933 1240 νύκτα
957 1186 1115 1255 με’σην
1138 1190 1202 1256 τῇ
1230 1186 1498 1254 Ἀντωνίνῃ
1524 1183 1775 1251 ξυνέμιξεν
1787 1222 1804 1247 ,
1845 1181 2090 1247 αἱμασιᾶς

265 1271 363 1327 πού
392 1294 528 1334 τινος
556 1271 791 1342 ἄγχιστα,
837 1264 899 1339 ἧς
921 1271 986 1339 δὴ
1015 1270 1227 1324 ὄπισθεν
1254 1270 1519 1322 καθίσασα
1541 1265 1775 1336 ἐτύγχανε
1806 1266 1924 1327 τοὺς
1956 1264 2090 1334 ἀμφὶ

123 1369 151 1410 t‘
182 1369 238 1412 78
268 1363 484 1427 Ναρσῆν
512 1378 564 1410 τε
595 1358 677 1408 καὶ
705 1354 1047 1426 Μάρκελλον,
1091 1354 1227 1416 ὅπως
1251 1359 1353 1407 τῶν
1375 1353 1652 1421 λεγομένων
1679 1348 1964 1405 ἀκούσειαν.
2009 1351 2091 1401 ἐν-

265 1449 444 1496 ταῦθα
465 1439 698 1508 Ἰωάννης
732 1442 822 1507 μὲν
859 1437 1137 1512 ἀφυλάκτῳ
1161 1435 1376 1506 στόματι
1410 1437 1477 1491 τὰ
1499 1439 1549 1500 ἐς
1580 1437 1674 1505 τὴν
1697 1437 1923 1489 ἐπίθεσιν
1953 1431 2092 1502 ὦμο-

267 1525 396 1596 λόγει
426 1548 478 1578 τε
516 1529 598 1578 καὶ
637 1524 806 1594 ὅρκοις
842 1521 1146 1585 δεινοτάτοις
1180 1524 1561 1592 ἀπισχυρίζετο,
1605 1525 1822 1590 Ναρσῆς
1861 1521 1916 1573 δέ
1952 1519 2090 1591 αὐτῷ
2109 1522 2161 1567 15

208 1613 210 1616 ’
268 1615 351 1665 καὶ
384 1608 690 1679 Μάρκελλος
717 1611 770 1662 ἐκ
795 1615 886 1663 τοῦ
915 1609 1169 1680 αἲφνιδίου
1196 1608 1493 1677 ἐπέστησαν.
1518 1604 1776 1677 ,θορύβου
1805 1606 1860 1658 δὲ
1875 1646 1891 1670 ,
1932 1602 2001 1666 ὥς
2032 1604 2090 1657 τὸ

266 1697 414 1762 εῗκὶς,
445 1696 709 1764 γενομένου
738 1695 786 1748 οἳ
803 1700 893 1748 τοῦ
903 1691 1139 1748 Ἰωάννου
1165 1690 1445 1765 δορυφόροι
1474 1691 1712 1766 (ἄγχιστα
1733 1687 1828 1762 γάρ
1844 1713 1912 1759 πη
1943 1685 2094 1758 ἱστή-

267 1779 450 1851 κεσαν)
480 1780 610 1855 παρ’
646 1779 803 1833 αὐτὸν
839 1779 1021 1832 αὐτίκα
1062 1778 1304 1848 ἐγένοντο.
1352 1780 1437 1831 καὶ
1467 1777 1637 1831 αὐτῶν
1661 1797 1738 1838 τις
1760 1773 2089 1844 Μάρκελλον,

269 1866 359 1919 οὐκ
388 1865 532 1926 εῗδώς
565 1863 705 1926 ὅστις
740 1866 862 1918 ποτὲ
887 1859 950 1932 ἦν
969 1903 986 1930 ,
1038 1865 1168 1933 ξίφει
1191 1862 1400 1931 ἐ’πληξεν
1414 1903 1432 1928 ,
1478 1860 1613 1916 οὕτω
1638 1883 1690 1915 τε
1713 1857 1952 1927 Ἰωάννης
1980 1862 2094 1912 δια-

267 1959 442 2022 φυγεῖν
473 1950 560 2012 §dv
587 1950 760 2011 αὐτοῖς
786 1951 1016 2017 ἴσχυσεν,
1065 1948 1115 2010 ἴς
1143 1970 1195 2002 τε
1235 1948 1324 2018 τὴν
1352 1945 1499 2002 πόλιν
1524 1946 1656 2000 κατὰ
1685 1943 1841 2014 τάχος
1868 1945 2167 2015 ἀφι’κετο.20

269 2039 351 2088 καὶ
383 2038 425 2087 εἷ
449 2035 541 2101 μὲν
579 2034 735 2096 εὐθὺς
764 2036 931 2087 ἐλθεῖν
955 2034 1094 2103 παρὰ
1133 2034 1222 2087 τὸν
1242 2033 1456 2101 βασιλέα
1483 2030 1801 2102 ἐθάρσησεν,
1849 2028 1986 2098 οἶμαι
2014 2027 2093 2094 ἂν,

269 2121 414 2174 οὐδὲν
453 2117 720 2172 ἐπεπόνθει
763 2119 889 2190 πρὸς
934 2118 1095 2172 αὐτοῦ
1136 2117 1314 2189 ἄχαρι·
1375 2123 1466 2172 νῦν
1506 2118 1562 2170 δέ
1599 2114 1907 2188 καταφυγὼν
1943 2115 1993 2176 ἐς
2036 2113 2095 2168 τὸ

380 2273 423 2369 ἰ.
454 2264 623 2335 αὐτῆς]
642 2266 804 2368 [fuimis
832 2267 882 2310 P.
1008 2268 1050 2313 5.
1080 2263 1332 2326 εὑρήσουσι]
1363 2262 1606 2325 εὑρήσουσι
1635 2265 1684 2313 L.
1813 2267 1882 2310 18.
1913 2261 2098 2320 αὐτῶν]

421 2358 429 2367 .
468 2343 608 2371 αυΐθν
681 2356 692 2368 ι

269 2453 485 2497 machinas
511 2453 566 2496 ad
593 2452 872 2496 invadendam
912 2452 1178 2509 tyrannidem
1220 2458 1392 2511 paratas
1425 2467 1516 2495 cum
1555 2453 1745 2507 Augusta
1787 2450 1938 2495 marito
1981 2451 2097 2493 indi-

278 2518 444 2564 casset,
472 2513 700 2554 Narsetem
732 2511 975 2554 Eunuchum
1012 2518 1058 2553 et
1089 2511 1334 2555 Marcellum
1363 2509 1566 2554 custodiis
1594 2509 1801 2552 Palatinis
1829 2510 2099 2552 Praefectum
2149 2538 2153 2543 -

277 2581 371 2610 cum
400 2567 544 2610 valida
573 2568 749 2610 militum
790 2582 915 2610 manu
943 2568 988 2610 in
1015 2567 1286 2611 Rufinianum
1315 2567 1456 2620 misit,
1497 2565 1712 2610 mandavit
1742 2580 1795 2609 ue
1824 2571 1874 2608 ut
1902 2581 2011 2622 quae
2036 2565 2099 2608 ibi

271 2632 501 2679 agerentur
530 2625 825 2680 explorarent,
864 2639 915 2666 ac
944 2625 981 2666 si
1010 2625 1208 2668 loannem
1255 2638 1326 2668 res
1355 2639 1484 2668 novas
1513 2637 1683 2666 movere
1741 2623 2098 2680 eprehenderent‚

270 2687 506 2723 mactarent
545 2680 779 2731 hominem,
823 2681 1100 2738 redirentque
1140 2697 1166 2726 e
1205 2681 1406 2738 vestigio.
1465 2681 1622 2724 Abiere
1659 2679 1745 2732 illi,
1783 2680 1938 2723 facturi
1965 2680 2097 2722 iussa.
2182 2723 2184 2728 ,

270 2738 405 2778 Simul
438 2740 670 2792 imperator
715 2737 816 2793 quid
859 2738 901 2779 in
944 2738 1141 2782 Ioannem
1184 2739 1412 2782 cuderetur
1439 2738 1669 2794 cognovit,
1708 2737 1766 2780 ad
1794 2751 1888 2780 eum
1909 2738 2045 2780 fertur
2073 2751 2100 2779 e
2166 2739 2184 2788 .,“

269 2794 550 2836 familiaribus
593 2794 731 2849 ipsius
771 2794 990 2850 quemdam
1022 2796 1293 2848 submisisse,
1330 2795 1403 2853 qui
1431 2794 1734 2838 clandestinum
1763 2809 1855 2838 cum
1889 2793 2100 2837 Antonina
2182 2793 2184 2800 '

271 2864 542 2905 congressum
573 2850 854 2893 dissuaderet.
913 2853 1068 2894 Verum
1108 2853 1309 2904 Ioannes,
1356 2851 1427 2894 cui
1458 2867 1483 2895 a
1513 2853 1604 2895 Deo
1634 2852 1854 2895 decretum
1883 2856 1977 2894 erat
2007 2851 2099 2893 exi-
2175 2903 2178 2907 Ι

269 2906 406 2959 tium,
431 2907 474 2949 in
505 2907 730 2965 postremis
760 2909 920 2950 habens
949 2910 1130 2964 Augusti
1159 2910 1375 2964 monitum,
1405 2908 1578 2952 circiter
1605 2909 1783 2952 mediam
1811 2914 1976 2951 noctem
2006 2922 2098 2951 cum
2169 2932 2184 2983 ὲ

270 2963 484 3007 Antonine.
512 2964 766 3020 colloquium
795 2964 981 3007 instituit
1010 2966 1200 3021 proxime
1227 2980 1393 3022 sepem,
1420 2970 1519 3024 post
1547 2979 1670 3022 quam
1701 2965 1775 3009 illa
1799 2966 2029 3008 Narsetem
2054 2969 2102 3008 et
2166 2983 2184 3019 γε

195 3030 201 3044 ‘
270 3020 545 3072 Marcellum,
586 3027 634 3062 ut
676 3035 787 3078 quae
827 3021 1072 3064 dicerentur
1112 3023 1387 3079 exciperent,
1443 3022 1725 3079 disposuerat.
1782 3022 1878 3064 Illic
1922 3023 2098 3064 Ioannes

271 3077 370 3119 dum
400 3091 475 3119 ore
501 3078 673 3120 incauto
705 3091 876 3134 operam
905 3078 960 3120 ad
988 3078 1332 3124 labefactandum
1364 3081 1596 3135 Augustum
1623 3092 1741 3121 suam
1771 3078 2024 3136 pollicetur,
2055 3083 2101 3121 et
2123 3095 2135 3112 ¹

268 3133 396 3176 fidem
440 3135 701 3189 gravissimis
742 3135 988 3178 iuramentis
1031 3137 1257 3192 astringit,
1295 3137 1340 3179 in
1378 3151 1471 3179 eum
1507 3137 1667 3179 Narses
1709 3140 1754 3178 et
1782 3135 2012 3178 Marcellus
2039 3135 2101 3178 ir-

269 3198 412 3234 ruunt.
474 3191 605 3233 Facto
639 3196 804 3246 autem,
843 3199 891 3235 ut
929 3192 1027 3234 fieri
1056 3207 1231 3237 necesse
1272 3198 1391 3245 erat,
1433 3193 1616 3249 strepitu
1646 3193 1846 3245 excitati,
1878 3193 1954 3248 qui
1987 3191 2101 3235 haud
2170 3205 2184 3246 ἦ,

271 3247 425 3304 procul
465 3248 770 3299 constiterant,
828 3248 999 3291 Ioannis
1046 3250 1278 3302 satellites,
1330 3250 1386 3292 ad
1422 3250 1558 3306 ipsum
1601 3250 1813 3306 extemplo
1858 3250 2099 3292 convolant.
2167 3286 2172 3293 .

273 3305 401 3347 Tunc
429 3305 597 3359 quidam
628 3305 906 3360 Marcellum,
945 3305 1119 3361 ignarus
1158 3307 1254 3363 quis
1282 3307 1354 3349 ille
1393 3311 1534 3360 esset,
1575 3305 1717 3361 gladio
1749 3306 1973 3350 sauciavit.
2031 3306 2100 3349 Ita

274 3375 367 3403 cum
398 3361 486 3403 suis
516 3362 688 3419 elapsus
717 3362 896 3405 Ioannes
937 3361 985 3404 in
1014 3362 1158 3404 urbem
1196 3377 1243 3405 se
1282 3363 1446 3420 recepit
1474 3362 1704 3419 praecipiti
1745 3365 1879 3420 sugat
1910 3378 2032 3420 quam
2061 3362 2099 3404 si
2156 3414 2178 3420 „

273 3425 395 3461 recta
425 3418 479 3460 ad
509 3419 806 3475 Imperatorem
837 3433 964 3462 ausus
992 3425 1107 3462 esset
1134 3419 1356 3463 intendere
1384 3434 1515 3477 seque
1543 3420 1606 3462 illi
1635 3420 1807 3472 offerre,
1838 3435 1919 3463 non
1949 3419 2097 3463 dubito

274 3475 376 3532 quin
407 3476 447 3518 ei
478 3475 645 3534 impune
674 3475 791 3519 abire
830 3490 909 3534 per
947 3476 1084 3534 ipsum
1129 3475 1330 3521 licuisset.
1389 3476 1475 3521 Iam
1507 3491 1611 3523 vero
1653 3477 1698 3520 in
1727 3478 1926 3536 templum
1952 3479 2101 3535 perfu-
2182 3490 2184 3497 ·
