<?xml version="1.0" encoding="UTF-8"?>
<!DOCTYPE html PUBLIC "-//W3C//DTD XHTML 1.0 Transitional//EN"
    "http://www.w3.org/TR/xhtml1/DTD/xhtml1-transitional.dtd">
<html xmlns="http://www.w3.org/1999/xhtml" xml:lang="en" lang="en">
 <head>
  <title>
</title>
<meta http-equiv="Content-Type" content="text/html;charset=utf-8" />
  <meta name='ocr-system' content='tesseract 3.04.00' />
  <meta name='ocr-capabilities' content='ocr_page ocr_carea ocr_par ocr_line ocrx_word'/>
</head>
<body>
  <div class='ocr_page' id='page_1' title='image "./corpusscriptorum43niebuoft/corpusscriptorum43niebuoft_0142.png"; bbox 0 0 2184 3822; ppageno 0'>
   <div class='ocr_carea' id='block_1_1' title="bbox 225 146 1299 206">
    <p class='ocr_par' dir='ltr' id='par_1_1' title="bbox 225 146 1299 206">
     <span class='ocr_line' id='line_1_1' title="bbox 225 146 1299 206; baseline -0.007 0"><span class='ocrx_word' id='word_1_1' title='bbox 225 150 343 206; x_wconf 77' lang='lat'><em>120</em></span> <span class='ocrx_word' id='word_1_2' title='bbox 965 146 1299 200; x_wconf 90' lang='lat' dir='ltr'>PROCOPII</span> 
     </span>
    </p>
   </div>
   <div class='ocr_carea' id='block_1_2' title="bbox 162 282 2100 901">
    <p class='ocr_par' dir='ltr' id='par_1_2' title="bbox 222 282 2100 697">
     <span class='ocr_line' id='line_1_2' title="bbox 222 282 2050 363; baseline -0.003 -19"><span class='ocrx_word' id='word_1_3' title='bbox 222 313 305 345; x_wconf 90' lang='grc' dir='ltr'><em>ναι</em></span> <span class='ocrx_word' id='word_1_4' title='bbox 345 290 438 358; x_wconf 72' lang='grc' dir='ltr'><em>μέν</em></span> <span class='ocrx_word' id='word_1_5' title='bbox 481 289 664 343; x_wconf 70' lang='grc' dir='ltr'><em>αὐτίκα</em></span> <span class='ocrx_word' id='word_1_6' title='bbox 699 286 750 363; x_wconf 77' lang='grc' dir='ltr'><em>ἒς</em></span> <span class='ocrx_word' id='word_1_7' title='bbox 784 285 843 340; x_wconf 84' lang='grc' dir='ltr'><em>τὸ</em></span> <span class='ocrx_word' id='word_1_8' title='bbox 887 282 1261 356; x_wconf 89' lang='grc' dir='ltr'><em>δεσμωτήριον,</em></span> <span class='ocrx_word' id='word_1_9' title='bbox 1309 285 1655 355; x_wconf 75' lang='grc' dir='ltr'><em>αι’κιζομένους</em></span> <span class='ocrx_word' id='word_1_10' title='bbox 1680 285 1736 339; x_wconf 75' lang='grc' dir='ltr'><em>δὲ</em></span> <span class='ocrx_word' id='word_1_11' title='bbox 1762 285 1827 338; x_wconf 79' lang='grc' dir='ltr'><em>τὰ</em></span> <span class='ocrx_word' id='word_1_12' title='bbox 1859 282 2050 353; x_wconf 63' lang='grc' dir='ltr'><em>ἔσχατα</em></span> 
     </span>
     <span class='ocr_line' id='line_1_3' title="bbox 226 365 2053 441; baseline -0.004 -12"><span class='ocrx_word' id='word_1_13' title='bbox 226 374 332 429; x_wconf 78' lang='grc' dir='ltr'><em>εἶτα</em></span> <span class='ocrx_word' id='word_1_14' title='bbox 356 374 686 428; x_wconf 88' lang='grc' dir='ltr'><em>ἀπολωλέναι.</em></span> <span class='ocrx_word' id='word_1_15' title='bbox 734 370 741 378; x_wconf 67' lang='grc'><em>’</em></span> <span class='ocrx_word' id='word_1_16' title='bbox 775 368 956 441; x_wconf 77' lang='grc' dir='ltr'><em>φύεται</em></span> <span class='ocrx_word' id='word_1_17' title='bbox 978 372 1070 438; x_wconf 69' lang='grc' dir='ltr'><em>μὲν</em></span> <span class='ocrx_word' id='word_1_18' title='bbox 1097 365 1197 425; x_wconf 74' lang='grc' dir='ltr'><em>οὖν·</em></span> <span class='ocrx_word' id='word_1_19' title='bbox 1215 372 1388 434; x_wconf 77' lang='grc' dir='ltr'><em>αὐτοῖς</em></span> <span class='ocrx_word' id='word_1_20' title='bbox 1413 372 1472 425; x_wconf 81' lang='grc' dir='ltr'><em>τὸ</em></span> <span class='ocrx_word' id='word_1_21' title='bbox 1499 373 1551 434; x_wconf 74' lang='grc' dir='ltr'><em>ἐς</em></span> <span class='ocrx_word' id='word_1_22' title='bbox 1574 370 1695 432; x_wconf 73' lang='grc' dir='ltr'><em>τοὺς</em></span> <span class='ocrx_word' id='word_1_23' title='bbox 1721 371 1874 432; x_wconf 88' lang='grc' dir='ltr'><em>πέλας</em></span> <span class='ocrx_word' id='word_1_24' title='bbox 1898 370 2053 437; x_wconf 70' lang='grc' dir='ltr'><em>ἔχθος</em></span> 
     </span>
     <span class='ocr_line' id='line_1_4' title="bbox 225 453 2054 526; baseline -0.004 -12"><span class='ocrx_word' id='word_1_25' title='bbox 225 462 394 514; x_wconf 78' lang='grc' dir='ltr'><strong><em>αἰτίαν</em></strong></span> <span class='ocrx_word' id='word_1_26' title='bbox 425 460 516 512; x_wconf 77' lang='grc' dir='ltr'><em>οὐκ</em></span> <span class='ocrx_word' id='word_1_27' title='bbox 541 459 681 526; x_wconf 70' lang='grc' dir='ltr'><em>ἕχον,</em></span> <span class='ocrx_word' id='word_1_28' title='bbox 726 455 861 521; x_wconf 83' lang='grc' dir='ltr'><em>μένει</em></span> <span class='ocrx_word' id='word_1_29' title='bbox 886 457 941 509; x_wconf 76' lang='grc' dir='ltr'><em>δὲ</em></span> <span class='ocrx_word' id='word_1_30' title='bbox 966 453 1294 525; x_wconf 77' lang='grc' dir='ltr'><em>ἀτελεύτητον</em></span> <span class='ocrx_word' id='word_1_31' title='bbox 1319 460 1370 519; x_wconf 75' lang='grc' dir='ltr'><em>ἐς</em></span> <span class='ocrx_word' id='word_1_32' title='bbox 1397 458 1487 510; x_wconf 84' lang='grc' dir='ltr'><em>τὸν</em></span> <span class='ocrx_word' id='word_1_33' title='bbox 1507 454 1676 509; x_wconf 88' lang='grc' dir='ltr'><em>πάντα</em></span> <span class='ocrx_word' id='word_1_34' title='bbox 1701 457 1861 507; x_wconf 81' lang='grc' dir='ltr'><em>αῗῶνα</em></span> <span class='ocrx_word' id='word_1_35' title='bbox 1875 495 1892 519; x_wconf 87' lang='grc'><em>,</em></span> <span class='ocrx_word' id='word_1_36' title='bbox 1938 453 2054 507; x_wconf 73' lang='grc' dir='ltr'><em>οὕτε</em></span> 
     </span>
     <span class='ocr_line' id='line_1_5' title="bbox 226 537 2052 615; baseline -0.004 -17"><span class='ocrx_word' id='word_1_37' title='bbox 226 543 366 614; x_wconf 84' lang='grc' dir='ltr'><em>κήδει</em></span> <span class='ocrx_word' id='word_1_38' title='bbox 403 543 518 597; x_wconf 72' lang='grc' dir='ltr'><em>οὕτε</em></span> <span class='ocrx_word' id='word_1_39' title='bbox 553 542 804 613; x_wconf 73' lang='grc' dir='ltr'><em>συγγενείᾳ</em></span> <span class='ocrx_word' id='word_1_40' title='bbox 833 538 947 594; x_wconf 69' lang='grc' dir='ltr'><em>οὗτε</em></span> <span class='ocrx_word' id='word_1_41' title='bbox 975 543 1146 612; x_wconf 83' lang='grc' dir='ltr'><em>φιλίας</em></span> <span class='ocrx_word' id='word_1_42' title='bbox 1170 548 1351 615; x_wconf 76' lang='grc' dir='ltr'><em>θεσμῷ</em></span> <span class='ocrx_word' id='word_1_43' title='bbox 1376 539 1535 607; x_wconf 76' lang='grc' dir='ltr'><em>εἶκον,</em></span> <span class='ocrx_word' id='word_1_44' title='bbox 1582 540 1647 610; x_wconf 79' lang='grc' dir='ltr'><em>ἢν</em></span> <span class='ocrx_word' id='word_1_45' title='bbox 1676 542 1757 592; x_wconf 82' lang='grc' dir='ltr'><em>καὶ</em></span> <span class='ocrx_word' id='word_1_46' title='bbox 1782 539 1992 610; x_wconf 82' lang='grc' dir='ltr'><em>ἀδελφοὶ</em></span> <span class='ocrx_word' id='word_1_47' title='bbox 2019 537 2052 607; x_wconf 82' lang='grc' dir='ltr'>ἢ</span> 
     </span>
     <span class='ocr_line' id='line_1_6' title="bbox 226 621 2100 697; baseline -0.004 -15"><span class='ocrx_word' id='word_1_48' title='bbox 226 629 350 682; x_wconf 77' lang='grc' dir='ltr'><em>ἄλλο</em></span> <span class='ocrx_word' id='word_1_49' title='bbox 379 650 427 681; x_wconf 93' lang='grc' dir='ltr'><em>τι</em></span> <span class='ocrx_word' id='word_1_50' title='bbox 452 623 654 681; x_wconf 80' lang='grc' dir='ltr'><em>τοιοῦτό</em></span> <span class='ocrx_word' id='word_1_51' title='bbox 680 625 738 695; x_wconf 86' lang='grc' dir='ltr'><em>γε’</em></span> <span class='ocrx_word' id='word_1_52' title='bbox 759 625 807 678; x_wconf 80' lang='grc' dir='ltr'><em>οἳ</em></span> <span class='ocrx_word' id='word_1_53' title='bbox 833 626 885 688; x_wconf 78' lang='grc' dir='ltr'><em>ἐς</em></span> <span class='ocrx_word' id='word_1_54' title='bbox 910 626 975 679; x_wconf 76' lang='grc' dir='ltr'><em>τὰ</em></span> <span class='ocrx_word' id='word_1_55' title='bbox 994 623 1247 697; x_wconf 83' lang='grc' dir='ltr'><em>χρώματα</em></span> <span class='ocrx_word' id='word_1_56' title='bbox 1274 632 1440 680; x_wconf 74' lang='grc' dir='ltr'><em>ταῖτα</em></span> <span class='ocrx_word' id='word_1_57' title='bbox 1468 630 1920 696; x_wconf 80' lang='grc' dir='ltr'><em>φιλοστοργοῦντες</em></span> <span class='ocrx_word' id='word_1_58' title='bbox 1943 621 2100 682; x_wconf 88' lang='grc' dir='ltr'><em>διά-5</em></span> 
     </span>
    </p>

    <p class='ocr_par' dir='ltr' id='par_1_3' title="bbox 162 710 2062 901">
     <span class='ocr_line' id='line_1_7' title="bbox 162 710 2061 785; baseline -0.004 -17"><span class='ocrx_word' id='word_1_59' title='bbox 162 731 202 773; x_wconf 87' lang='lat' dir='ltr'>D</span> <span class='ocrx_word' id='word_1_60' title='bbox 233 735 386 785; x_wconf 81' lang='grc' dir='ltr'><em>φοροι</em></span> <span class='ocrx_word' id='word_1_61' title='bbox 427 710 536 765; x_wconf 77' lang='grc' dir='ltr'><em>εἷεν.</em></span> <span class='ocrx_word' id='word_1_62' title='bbox 625 711 762 779; x_wconf 89' lang='grc' dir='ltr'><em>μέλει</em></span> <span class='ocrx_word' id='word_1_63' title='bbox 789 732 842 765; x_wconf 85' lang='grc' dir='ltr'><em>τε</em></span> <span class='ocrx_word' id='word_1_64' title='bbox 869 711 1043 774; x_wconf 76' lang='grc' dir='ltr'><em>αὐτοῖς</em></span> <span class='ocrx_word' id='word_1_65' title='bbox 1072 711 1187 765; x_wconf 72' lang='grc' dir='ltr'><em>οἴτε</em></span> <span class='ocrx_word' id='word_1_66' title='bbox 1216 713 1371 766; x_wconf 83' lang='grc' dir='ltr'><em>θείων</em></span> <span class='ocrx_word' id='word_1_67' title='bbox 1401 710 1516 765; x_wconf 69' lang='grc' dir='ltr'><em>οὕτε</em></span> <span class='ocrx_word' id='word_1_68' title='bbox 1538 710 1870 781; x_wconf 78' lang='grc' dir='ltr'><em>ἀνθρωπείων</em></span> <span class='ocrx_word' id='word_1_69' title='bbox 1895 729 2061 779; x_wconf 86' lang='grc' dir='ltr'><em>πραγ-</em></span> 
     </span>
     <span class='ocr_line' id='line_1_8' title="bbox 226 793 2062 866; baseline -0.003 -15"><span class='ocrx_word' id='word_1_70' title='bbox 226 796 405 866; x_wconf 80' lang='grc' dir='ltr'><em>μάτων</em></span> <span class='ocrx_word' id='word_1_71' title='bbox 428 795 569 866; x_wconf 79' lang='grc' dir='ltr'><em>παρά</em></span> <span class='ocrx_word' id='word_1_72' title='bbox 597 795 655 850; x_wconf 82' lang='grc' dir='ltr'><em>τὸ</em></span> <span class='ocrx_word' id='word_1_73' title='bbox 682 796 734 849; x_wconf 77' lang='grc' dir='ltr'><em>ἔν</em></span> <span class='ocrx_word' id='word_1_74' title='bbox 763 793 965 859; x_wconf 77' lang='grc' dir='ltr'><em>τούτοις</em></span> <span class='ocrx_word' id='word_1_75' title='bbox 989 803 1158 862; x_wconf 83' lang='grc' dir='ltr'><em>νικᾶν,</em></span> <span class='ocrx_word' id='word_1_76' title='bbox 1195 796 1258 866; x_wconf 69' lang='grc' dir='ltr'><em>ἦν</em></span> <span class='ocrx_word' id='word_1_77' title='bbox 1295 796 1354 850; x_wconf 82' lang='grc' dir='ltr'><em>τέ</em></span> <span class='ocrx_word' id='word_1_78' title='bbox 1390 818 1439 849; x_wconf 92' lang='grc' dir='ltr'><em>τι</em></span> <span class='ocrx_word' id='word_1_79' title='bbox 1465 795 1702 863; x_wconf 80' lang='grc' dir='ltr'><em>ἀσέβημα</em></span> <span class='ocrx_word' id='word_1_80' title='bbox 1729 797 1798 856; x_wconf 79' lang='grc' dir='ltr'><em>εἷς</em></span> <span class='ocrx_word' id='word_1_81' title='bbox 1824 794 1913 847; x_wconf 84' lang='grc' dir='ltr'><em>τὸν</em></span> <span class='ocrx_word' id='word_1_82' title='bbox 1937 793 2062 847; x_wconf 79' lang='grc' dir='ltr'><em>θεὸν</em></span> 
     </span>
     <span class='ocr_line' id='line_1_9' title="bbox 240 879 528 901; baseline 0 -2"><span class='ocrx_word' id='word_1_83' title='bbox 240 881 255 899; x_wconf 72' lang='grc' dir='ltr'>ζ</span> <span class='ocrx_word' id='word_1_84' title='bbox 298 883 313 901; x_wconf 64' lang='lat'>2</span> <span class='ocrx_word' id='word_1_85' title='bbox 352 879 368 899; x_wconf 69' lang='lat' dir='ltr'><em>C</em></span> <span class='ocrx_word' id='word_1_86' title='bbox 503 887 528 899; x_wconf 68' lang='lat' dir='ltr'><em>u</em></span> 
     </span>
    </p>
   </div>
   <div class='ocr_carea' id='block_1_3' title="bbox 227 878 2138 1036">
    <p class='ocr_par' dir='ltr' id='par_1_4' title="bbox 227 878 2138 1036">
     <span class='ocr_line' id='line_1_10' title="bbox 227 878 2063 951; baseline -0.002 -16"><span class='ocrx_word' id='word_1_87' title='bbox 227 905 301 951; x_wconf 85' lang='grc' dir='ltr'><em>υφ</em></span> <span class='ocrx_word' id='word_1_88' title='bbox 344 903 559 936; x_wconf 87' lang='grc' dir='ltr'><em>οτουουν</em></span> <span class='ocrx_word' id='word_1_89' title='bbox 588 878 944 950; x_wconf 81' lang='grc' dir='ltr'><em>ἇμαρτάνηται</em></span> <span class='ocrx_word' id='word_1_90' title='bbox 971 881 1034 951; x_wconf 70' lang='grc' dir='ltr'><em>ἢν</em></span> <span class='ocrx_word' id='word_1_91' title='bbox 1062 904 1117 935; x_wconf 90' lang='grc' dir='ltr'><em>τε</em></span> <span class='ocrx_word' id='word_1_92' title='bbox 1147 883 1196 935; x_wconf 76' lang='grc' dir='ltr'><em>οἱ</em></span> <span class='ocrx_word' id='word_1_93' title='bbox 1222 879 1367 948; x_wconf 88' lang='grc' dir='ltr'><em>νόμοι</em></span> <span class='ocrx_word' id='word_1_94' title='bbox 1394 883 1477 934; x_wconf 86' lang='grc' dir='ltr'><em>καὶ</em></span> <span class='ocrx_word' id='word_1_95' title='bbox 1499 878 1532 949; x_wconf 78' lang='grc' dir='ltr'><em>ἦ</em></span> <span class='ocrx_word' id='word_1_96' title='bbox 1558 881 1782 933; x_wconf 85' lang='grc' dir='ltr'><em>πολιτεία</em></span> <span class='ocrx_word' id='word_1_97' title='bbox 1811 879 1938 949; x_wconf 81' lang='grc' dir='ltr'><em>πρὸς</em></span> <span class='ocrx_word' id='word_1_98' title='bbox 1961 883 2063 931; x_wconf 84' lang='grc' dir='ltr'><em>τῶν</em></span> 
     </span>
     <span class='ocr_line' id='line_1_11' title="bbox 231 965 2138 1036; baseline -0.004 -15"><span class='ocrx_word' id='word_1_99' title='bbox 231 969 423 1021; x_wconf 77' lang='grc' dir='ltr'><em>οἰκείων</em></span> <span class='ocrx_word' id='word_1_100' title='bbox 449 966 481 1036; x_wconf 72' lang='grc' dir='ltr'><em>’ἢ</em></span> <span class='ocrx_word' id='word_1_101' title='bbox 508 973 610 1020; x_wconf 85' lang='grc' dir='ltr'><em>τῶν</em></span> <span class='ocrx_word' id='word_1_102' title='bbox 635 970 887 1034; x_wconf 85' lang='grc' dir='ltr'><em>πολεμίων</em></span> <span class='ocrx_word' id='word_1_103' title='bbox 908 965 1208 1034; x_wconf 77' lang='grc' dir='ltr'><em>βιάζωνται,</em></span> <span class='ocrx_word' id='word_1_104' title='bbox 1258 968 1358 1020; x_wconf 75' lang='grc' dir='ltr'><em>ἐπεὶ</em></span> <span class='ocrx_word' id='word_1_105' title='bbox 1384 969 1467 1019; x_wconf 83' lang='grc' dir='ltr'><em>καὶ</em></span> <span class='ocrx_word' id='word_1_106' title='bbox 1487 971 1590 1018; x_wconf 82' lang='grc' dir='ltr'><em>τῶν</em></span> <span class='ocrx_word' id='word_1_107' title='bbox 1613 965 1902 1033; x_wconf 71' lang='grc' dir='ltr'><em>ἐπιτηδείων</em></span> <span class='ocrx_word' id='word_1_108' title='bbox 1929 984 2065 1017; x_wconf 88' lang='grc' dir='ltr'><em>σπα-</em></span> <span class='ocrx_word' id='word_1_109' title='bbox 2135 999 2138 1002; x_wconf 85' lang='lat'>-</span> 
     </span>
    </p>
   </div>
   <div class='ocr_carea' id='block_1_4' title="bbox 2132 0 2184 1884">
    <p class='ocr_par' dir='ltr' id='par_1_5' title="bbox 2132 0 2184 1884">
     <span class='ocr_line' id='line_1_12' title="bbox 2132 0 2184 1884; baseline 0 0"><span class='ocrx_word' id='word_1_110' title='bbox 2132 0 2184 1884; x_wconf 95' lang='lat' dir='ltr'><em>   </em></span> 
     </span>
    </p>
   </div>
   <div class='ocr_carea' id='block_1_5' title="bbox 230 1047 2156 1295">
    <p class='ocr_par' dir='ltr' id='par_1_6' title="bbox 230 1047 2156 1295">
     <span class='ocr_line' id='line_1_13' title="bbox 233 1047 2156 1121; baseline -0.004 -14"><span class='ocrx_word' id='word_1_111' title='bbox 233 1055 449 1118; x_wconf 78' lang='grc' dir='ltr'><em>νίζοντες</em></span> <span class='ocrx_word' id='word_1_112' title='bbox 484 1052 636 1118; x_wconf 75' lang='grc' dir='ltr'><em>ἴσως,</em></span> <span class='ocrx_word' id='word_1_113' title='bbox 683 1051 777 1105; x_wconf 86' lang='grc' dir='ltr'><em>κάν</em></span> <span class='ocrx_word' id='word_1_114' title='bbox 812 1060 919 1114; x_wconf 81' lang='grc' dir='ltr'><em>τοῖς</em></span> <span class='ocrx_word' id='word_1_115' title='bbox 958 1049 1376 1121; x_wconf 78' lang='grc' dir='ltr'><em>ἀναγκαιοτάτοις</em></span> <span class='ocrx_word' id='word_1_116' title='bbox 1413 1050 1746 1118; x_wconf 74' lang='grc' dir='ltr'><em>ἀδικουμένης</em></span> <span class='ocrx_word' id='word_1_117' title='bbox 1775 1047 1949 1108; x_wconf 77' lang='grc' dir='ltr'><em>αὐτοῖς</em></span> <span class='ocrx_word' id='word_1_118' title='bbox 1972 1054 2065 1116; x_wconf 80' lang='grc' dir='ltr'><em>τῆς</em></span> <span class='ocrx_word' id='word_1_119' title='bbox 2080 1062 2156 1106; x_wconf 85' lang='lat'><em>10·</em></span> 
     </span>
     <span class='ocr_line' id='line_1_14' title="bbox 230 1134 2064 1209; baseline -0.003 -18"><span class='ocrx_word' id='word_1_120' title='bbox 230 1140 505 1209; x_wconf 78' lang='grc' dir='ltr'><em>πατρίδος,</em></span> <span class='ocrx_word' id='word_1_121' title='bbox 536 1137 595 1190; x_wconf 81' lang='grc' dir='ltr'><em>οὗ</em></span> <span class='ocrx_word' id='word_1_122' title='bbox 618 1142 1043 1204; x_wconf 79' lang='grc' dir='ltr'><em>προσποιοῦνται,</em></span> <span class='ocrx_word' id='word_1_123' title='bbox 1069 1136 1132 1205; x_wconf 72' lang='grc' dir='ltr'><em>ἤν</em></span> <span class='ocrx_word' id='word_1_124' title='bbox 1157 1158 1210 1205; x_wconf 86' lang='grc' dir='ltr'><em>γε</em></span> <span class='ocrx_word' id='word_1_125' title='bbox 1234 1136 1407 1199; x_wconf 80' lang='grc' dir='ltr'><em>αὐτοῖς</em></span> <span class='ocrx_word' id='word_1_126' title='bbox 1430 1141 1632 1189; x_wconf 84' lang='grc' dir='ltr'><em>κεῖσθαι</em></span> <span class='ocrx_word' id='word_1_127' title='bbox 1655 1134 1714 1188; x_wconf 82' lang='grc' dir='ltr'><em>τὸ</em></span> <span class='ocrx_word' id='word_1_128' title='bbox 1736 1134 1891 1203; x_wconf 80' lang='grc' dir='ltr'><em>μέρος</em></span> <span class='ocrx_word' id='word_1_129' title='bbox 1910 1139 2064 1186; x_wconf 83' lang='grc' dir='ltr'><em>τοῦτο</em></span> 
     </span>
     <span class='ocr_line' id='line_1_15' title="bbox 233 1219 2068 1295; baseline -0.004 -18"><span class='ocrx_word' id='word_1_130' title='bbox 233 1226 286 1277; x_wconf 76' lang='grc' dir='ltr'><em>ἐν</em></span> <span class='ocrx_word' id='word_1_131' title='bbox 312 1228 450 1295; x_wconf 79' lang='grc' dir='ltr'><em>καλῷ</em></span> <span class='ocrx_word' id='word_1_132' title='bbox 478 1222 638 1293; x_wconf 85' lang='grc' dir='ltr'><em>μέλλῃ</em></span> <span class='ocrx_word' id='word_1_133' title='bbox 656 1239 668 1251; x_wconf 88' lang='grc'><em>·</em></span> <span class='ocrx_word' id='word_1_134' title='bbox 716 1221 851 1276; x_wconf 76' lang='grc' dir='ltr'><em>οὕτω</em></span> <span class='ocrx_word' id='word_1_135' title='bbox 874 1221 972 1292; x_wconf 80' lang='grc' dir='ltr'><em>γὰρ</em></span> <span class='ocrx_word' id='word_1_136' title='bbox 992 1221 1112 1284; x_wconf 76' lang='grc' dir='ltr'><em>τοὺς</em></span> <span class='ocrx_word' id='word_1_137' title='bbox 1136 1219 1491 1283; x_wconf 79' lang='grc' dir='ltr'><em>συστασιώτας</em></span> <span class='ocrx_word' id='word_1_138' title='bbox 1513 1225 1741 1274; x_wconf 78' lang='grc' dir='ltr'><em>καλοῦσι.</em></span> <span class='ocrx_word' id='word_1_139' title='bbox 1812 1224 2068 1287; x_wconf 82' lang='grc' dir='ltr'><em>μεταλαγ-</em></span> 
     </span>
    </p>
   </div>
   <div class='ocr_carea' id='block_1_6' title="bbox 84 1301 2157 1802">
    <p class='ocr_par' dir='ltr' id='par_1_7' title="bbox 229 1301 2148 1376">
     <span class='ocr_line' id='line_1_16' title="bbox 229 1301 2148 1376; baseline -0.003 -15"><span class='ocrx_word' id='word_1_140' title='bbox 229 1305 445 1376; x_wconf 87' lang='grc' dir='ltr'><em>χάνουσι</em></span> <span class='ocrx_word' id='word_1_141' title='bbox 470 1308 524 1360; x_wconf 76' lang='grc' dir='ltr'><em>δὲ</em></span> <span class='ocrx_word' id='word_1_142' title='bbox 549 1312 642 1360; x_wconf 83' lang='grc' dir='ltr'><em>τοῦ</em></span> <span class='ocrx_word' id='word_1_143' title='bbox 666 1305 820 1376; x_wconf 74' lang='grc' dir='ltr'><em>ἄγους</em></span> <span class='ocrx_word' id='word_1_144' title='bbox 842 1304 1029 1360; x_wconf 77' lang='grc' dir='ltr'><em>τούτου</em></span> <span class='ocrx_word' id='word_1_145' title='bbox 1058 1309 1141 1359; x_wconf 85' lang='grc' dir='ltr'><em>καὶ</em></span> <span class='ocrx_word' id='word_1_146' title='bbox 1163 1315 1389 1375; x_wconf 85' lang='grc' dir='ltr'><em>γυναῖκες</em></span> <span class='ocrx_word' id='word_1_147' title='bbox 1409 1306 1585 1367; x_wconf 79' lang='grc' dir='ltr'><em>αὐτοῖς</em></span> <span class='ocrx_word' id='word_1_148' title='bbox 1597 1347 1613 1371; x_wconf 98' lang='grc'><em>,</em></span> <span class='ocrx_word' id='word_1_149' title='bbox 1659 1304 1719 1358; x_wconf 84' lang='grc' dir='ltr'><em>οὖ</em></span> <span class='ocrx_word' id='word_1_150' title='bbox 1746 1314 1852 1366; x_wconf 81' lang='grc' dir='ltr'><em>τοῖς</em></span> <span class='ocrx_word' id='word_1_151' title='bbox 1875 1301 2069 1373; x_wconf 84' lang='grc' dir='ltr'><em>ἀνδρά-</em></span> <span class='ocrx_word' id='word_1_152' title='bbox 2137 1309 2148 1325; x_wconf 75' lang='lat'>⁴</span> 
     </span>
    </p>

    <p class='ocr_par' dir='ltr' id='par_1_8' title="bbox 84 1387 2157 1802">
     <span class='ocr_line' id='line_1_17' title="bbox 84 1387 2071 1459; baseline -0.003 -12"><span class='ocrx_word' id='word_1_153' title='bbox 84 1406 119 1447; x_wconf 89' lang='lat' dir='ltr'>P</span> <span class='ocrx_word' id='word_1_154' title='bbox 150 1407 208 1450; x_wconf 91' lang='lat'><em>70</em></span> <span class='ocrx_word' id='word_1_155' title='bbox 238 1414 316 1447; x_wconf 89' lang='grc' dir='ltr'><em>σιν</em></span> <span class='ocrx_word' id='word_1_156' title='bbox 363 1390 600 1459; x_wconf 72' lang='grc' dir='ltr'><em>ἑπόμεναι</em></span> <span class='ocrx_word' id='word_1_157' title='bbox 635 1389 794 1458; x_wconf 90' lang='grc' dir='ltr'><em>μόνον</em></span> <span class='ocrx_word' id='word_1_158' title='bbox 807 1432 824 1457; x_wconf 94' lang='grc'><em>,</em></span> <span class='ocrx_word' id='word_1_159' title='bbox 865 1391 998 1444; x_wconf 83' lang='grc' dir='ltr'><em>ἀλλὰ</em></span> <span class='ocrx_word' id='word_1_160' title='bbox 1033 1394 1118 1443; x_wconf 86' lang='grc' dir='ltr'><em>καὶ</em></span> <span class='ocrx_word' id='word_1_161' title='bbox 1159 1388 1391 1456; x_wconf 80' lang='grc' dir='ltr'><em>τούτοις,</em></span> <span class='ocrx_word' id='word_1_162' title='bbox 1436 1389 1499 1443; x_wconf 76' lang='grc' dir='ltr'><em>ἂν</em></span> <span class='ocrx_word' id='word_1_163' title='bbox 1534 1389 1668 1444; x_wconf 75' lang='grc' dir='ltr'><em>οὕτω</em></span> <span class='ocrx_word' id='word_1_164' title='bbox 1709 1387 1884 1457; x_wconf 78' lang='grc' dir='ltr'><em>τύχοι,</em></span> <span class='ocrx_word' id='word_1_165' title='bbox 1927 1388 2071 1442; x_wconf 83' lang='grc' dir='ltr'><em>ἀντι-</em></span> 
     </span>
     <span class='ocr_line' id='line_1_18' title="bbox 237 1472 2157 1546; baseline -0.001 -15"><span class='ocrx_word' id='word_1_166' title='bbox 237 1483 515 1532; x_wconf 84' lang='grc' dir='ltr'><em>στατοῦσαι</em></span> <span class='ocrx_word' id='word_1_167' title='bbox 530 1517 546 1541; x_wconf 88' lang='grc'><em>,</em></span> <span class='ocrx_word' id='word_1_168' title='bbox 596 1477 772 1546; x_wconf 86' lang='grc' dir='ltr'><em>καίπερ</em></span> <span class='ocrx_word' id='word_1_169' title='bbox 797 1474 912 1528; x_wconf 69' lang='grc' dir='ltr'><em>οὔτε</em></span> <span class='ocrx_word' id='word_1_170' title='bbox 936 1477 986 1537; x_wconf 82' lang='grc' dir='ltr'><em>ε’ς</em></span> <span class='ocrx_word' id='word_1_171' title='bbox 1009 1475 1074 1528; x_wconf 76' lang='grc' dir='ltr'><em>τὰ</em></span> <span class='ocrx_word' id='word_1_172' title='bbox 1097 1476 1298 1546; x_wconf 88' lang='grc' dir='ltr'><em>θέατρα</em></span> <span class='ocrx_word' id='word_1_173' title='bbox 1320 1476 1378 1528; x_wconf 85' lang='grc' dir='ltr'><em>τὸ</em></span> <span class='ocrx_word' id='word_1_174' title='bbox 1403 1473 1646 1546; x_wconf 89' lang='grc' dir='ltr'><em>παράπαν</em></span> <span class='ocrx_word' id='word_1_175' title='bbox 1670 1477 1838 1527; x_wconf 79' lang='grc' dir='ltr'><em>ἷοῢσαι</em></span> <span class='ocrx_word' id='word_1_176' title='bbox 1861 1472 1976 1527; x_wconf 75' lang='grc' dir='ltr'><em>οὕτε</em></span> <span class='ocrx_word' id='word_1_177' title='bbox 1997 1494 2067 1545; x_wconf 86' lang='grc' dir='ltr'><em>τῳ</em></span> <span class='ocrx_word' id='word_1_178' title='bbox 2085 1478 2157 1531; x_wconf 74' lang='lat'><em>15‘</em></span> 
     </span>
     <span class='ocr_line' id='line_1_19' title="bbox 237 1557 2069 1634; baseline -0.003 -18"><span class='ocrx_word' id='word_1_179' title='bbox 237 1562 377 1634; x_wconf 71' lang='grc' dir='ltr'><em>ἄλλῳ</em></span> <span class='ocrx_word' id='word_1_180' title='bbox 416 1563 560 1633; x_wconf 80' lang='grc' dir='ltr'><em>αἰτίῳ</em></span> <span class='ocrx_word' id='word_1_181' title='bbox 597 1560 834 1629; x_wconf 76' lang='grc' dir='ltr'><em>ἠγμέναι·</em></span> <span class='ocrx_word' id='word_1_182' title='bbox 882 1559 1010 1614; x_wconf 83' lang='grc' dir='ltr'><em>ὥστε</em></span> <span class='ocrx_word' id='word_1_183' title='bbox 1045 1560 1137 1613; x_wconf 78' lang='grc' dir='ltr'><em>οὐκ</em></span> <span class='ocrx_word' id='word_1_184' title='bbox 1164 1559 1261 1628; x_wconf 65' lang='grc' dir='ltr'><em>ἒβςω</em></span> <span class='ocrx_word' id='word_1_185' title='bbox 1286 1559 1411 1614; x_wconf 78' lang='grc' dir='ltr'><em>ἄλλο</em></span> <span class='ocrx_word' id='word_1_186' title='bbox 1437 1582 1486 1613; x_wconf 89' lang='grc' dir='ltr'><em>τι</em></span> <span class='ocrx_word' id='word_1_187' title='bbox 1511 1559 1659 1631; x_wconf 67' lang='grc' dir='ltr'><em>ἔγωγε</em></span> <span class='ocrx_word' id='word_1_188' title='bbox 1681 1565 1833 1613; x_wconf 83' lang='grc' dir='ltr'><em>τοῦτο</em></span> <span class='ocrx_word' id='word_1_189' title='bbox 1860 1561 2008 1612; x_wconf 79' lang='grc' dir='ltr'><em>εἶπεῖν</em></span> <span class='ocrx_word' id='word_1_190' title='bbox 2036 1557 2069 1628; x_wconf 82' lang='grc' dir='ltr'>ἢ</span> 
     </span>
     <span class='ocr_line' id='line_1_20' title="bbox 236 1640 2071 1720; baseline -0.002 -21"><span class='ocrx_word' id='word_1_191' title='bbox 236 1652 410 1716; x_wconf 81' lang='grc' dir='ltr'><em>ψυχῆς</em></span> <span class='ocrx_word' id='word_1_192' title='bbox 447 1642 663 1714; x_wconf 86' lang='grc' dir='ltr'><em>νόσημα.</em></span> <span class='ocrx_word' id='word_1_193' title='bbox 754 1650 920 1700; x_wconf 78' lang='grc' dir='ltr'><em>ταῦτα</em></span> <span class='ocrx_word' id='word_1_194' title='bbox 947 1646 1040 1715; x_wconf 76' lang='grc' dir='ltr'><em>μὲν</em></span> <span class='ocrx_word' id='word_1_195' title='bbox 1065 1640 1156 1700; x_wconf 75' lang='grc' dir='ltr'><em>οὗν</em></span> <span class='ocrx_word' id='word_1_196' title='bbox 1181 1654 1295 1708; x_wconf 82' lang='grc' dir='ltr'><em>ταῖς</em></span> <span class='ocrx_word' id='word_1_197' title='bbox 1320 1667 1373 1700; x_wconf 91' lang='grc' dir='ltr'><em>τε</em></span> <span class='ocrx_word' id='word_1_198' title='bbox 1398 1643 1573 1700; x_wconf 88' lang='grc' dir='ltr'><em>πόλεσι</em></span> <span class='ocrx_word' id='word_1_199' title='bbox 1593 1648 1677 1700; x_wconf 81' lang='grc' dir='ltr'><em>καὶ</em></span> <span class='ocrx_word' id='word_1_200' title='bbox 1703 1642 1849 1720; x_wconf 75' lang='grc' dir='ltr'><em>δήμῳ</em></span> <span class='ocrx_word' id='word_1_201' title='bbox 1874 1641 2071 1718; x_wconf 73' lang='grc' dir='ltr'><em>ἑκάστῳ</em></span> 
     </span>
     <span class='ocr_line' id='line_1_21' title="bbox 234 1726 1447 1802; baseline -0.003 -16"><span class='ocrx_word' id='word_1_202' title='bbox 234 1726 337 1786; x_wconf 79' lang='grc' dir='ltr'><em>ὧδέ</em></span> <span class='ocrx_word' id='word_1_203' title='bbox 358 1754 430 1802; x_wconf 90' lang='grc' dir='ltr'><em>πη</em></span> <span class='ocrx_word' id='word_1_204' title='bbox 455 1729 566 1801; x_wconf 63' lang='grc' dir='ltr'><em>ἔχει.</em></span> <span class='ocrx_word' id='word_1_205' title='bbox 1442 1729 1447 1733; x_wconf 54' lang='grc'><em>“</em></span> 
     </span>
    </p>
   </div>
   <div class='ocr_carea' id='block_1_7' title="bbox 240 1838 2184 2085">
    <p class='ocr_par' dir='ltr' id='par_1_9' title="bbox 240 1838 2184 2085">
     <span class='ocr_line' id='line_1_22' title="bbox 413 1838 2076 1917; baseline -0.002 -19"><span class='ocrx_word' id='word_1_206' title='bbox 413 1842 546 1899; x_wconf 91' lang='grc' dir='ltr'><em>Τότε</em></span> <span class='ocrx_word' id='word_1_207' title='bbox 573 1845 627 1898; x_wconf 80' lang='grc' dir='ltr'><em>δὲ</em></span> <span class='ocrx_word' id='word_1_208' title='bbox 650 1842 684 1914; x_wconf 74' lang='grc' dir='ltr'>ἦ</span> <span class='ocrx_word' id='word_1_209' title='bbox 710 1842 871 1914; x_wconf 82' lang='grc' dir='ltr'><em>ἀρχὴ,</em></span> <span class='ocrx_word' id='word_1_210' title='bbox 918 1840 953 1912; x_wconf 76' lang='grc' dir='ltr'>ἢ</span> <span class='ocrx_word' id='word_1_211' title='bbox 979 1848 1052 1916; x_wconf 79' lang='grc' dir='ltr'><em>τῷ</em></span> <span class='ocrx_word' id='word_1_212' title='bbox 1078 1838 1226 1917; x_wconf 83' lang='grc' dir='ltr'><em>δήμῳ</em></span> <span class='ocrx_word' id='word_1_213' title='bbox 1252 1839 1528 1914; x_wconf 71' lang='grc' dir='ltr'><em>ἐφειστήκει</em></span> <span class='ocrx_word' id='word_1_214' title='bbox 1552 1843 1603 1897; x_wconf 77' lang='grc' dir='ltr'><em>ἓν</em></span> <span class='ocrx_word' id='word_1_215' title='bbox 1629 1843 1924 1915; x_wconf 83' lang='grc' dir='ltr'><em>Βυζαντίῳ,</em></span> <span class='ocrx_word' id='word_1_216' title='bbox 1971 1846 2076 1895; x_wconf 85' lang='grc' dir='ltr'><em>τῶν</em></span> 
     </span>
     <span class='ocr_line' id='line_1_23' title="bbox 240 1923 2184 2001; baseline -0.004 -16"><span class='ocrx_word' id='word_1_217' title='bbox 240 1936 541 1985; x_wconf 84' lang='grc' dir='ltr'><em>στασιωτῶν</em></span> <span class='ocrx_word' id='word_1_218' title='bbox 579 1951 718 1991; x_wconf 87' lang='grc' dir='ltr'><em>τινας</em></span> <span class='ocrx_word' id='word_1_219' title='bbox 755 1929 851 1996; x_wconf 80' lang='grc' dir='ltr'><em>τὴν</em></span> <span class='ocrx_word' id='word_1_220' title='bbox 884 1929 962 1981; x_wconf 73' lang='grc' dir='ltr'><em>ἐπὶ</em></span> <span class='ocrx_word' id='word_1_221' title='bbox 994 1927 1208 2001; x_wconf 81' lang='grc' dir='ltr'><em>θανάτῳ</em></span> <span class='ocrx_word' id='word_1_222' title='bbox 1245 1923 1348 1998; x_wconf 72' lang='grc' dir='ltr'><em>ἦγε,</em></span> <span class='ocrx_word' id='word_1_223' title='bbox 1439 1926 1886 1999; x_wconf 69' lang='grc' dir='ltr'><em>ξυμφρονήσαντες</em></span> <span class='ocrx_word' id='word_1_224' title='bbox 1913 1927 1968 1979; x_wconf 73' lang='grc' dir='ltr'><em>δὲ</em></span> <span class='ocrx_word' id='word_1_225' title='bbox 1991 1929 2184 1996; x_wconf 59' lang='grc' dir='ltr'><em>καὶροῇ,</em></span> 
     </span>
     <span class='ocr_line' id='line_1_24' title="bbox 243 2007 2184 2085; baseline -0.004 -14"><span class='ocrx_word' id='word_1_226' title='bbox 243 2013 565 2084; x_wconf 83' lang='grc' dir='ltr'><em>σπεισάμενοι</em></span> <span class='ocrx_word' id='word_1_227' title='bbox 590 2014 717 2085; x_wconf 85' lang='grc' dir='ltr'><em>πρὸς</em></span> <span class='ocrx_word' id='word_1_228' title='bbox 742 2011 994 2083; x_wconf 80' lang='grc' dir='ltr'><em>ἀλλήλους</em></span> <span class='ocrx_word' id='word_1_229' title='bbox 1017 2011 1243 2085; x_wconf 73' lang='grc' dir='ltr'><em>ἑκάτεροι</em></span> <span class='ocrx_word' id='word_1_230' title='bbox 1270 2012 1391 2077; x_wconf 78' lang='grc' dir='ltr'><em>τούς</em></span> <span class='ocrx_word' id='word_1_231' title='bbox 1413 2036 1465 2067; x_wconf 89' lang='grc' dir='ltr'><em>τε</em></span> <span class='ocrx_word' id='word_1_232' title='bbox 1495 2013 1771 2084; x_wconf 84' lang='grc' dir='ltr'><em>ἀγομένους</em></span> <span class='ocrx_word' id='word_1_233' title='bbox 1793 2010 2075 2085; x_wconf 78' lang='grc' dir='ltr'><em>ἁρπάζουσι</em></span> <span class='ocrx_word' id='word_1_234' title='bbox 2182 2007 2184 2010; x_wconf 38' lang='lat'><em>⁴</em></span> 
     </span>
    </p>
   </div>
   <div class='ocr_carea' id='block_1_8' title="bbox 352 2165 2145 2338">
    <p class='ocr_par' dir='ltr' id='par_1_10' title="bbox 352 2165 2145 2338">
     <span class='ocr_line' id='line_1_25' title="bbox 352 2165 2145 2236; baseline -0.001 -13"><span class='ocrx_word' id='word_1_235' title='bbox 352 2180 396 2223; x_wconf 85' lang='lat'><em>3.</em></span> <span class='ocrx_word' id='word_1_236' title='bbox 425 2176 468 2222; x_wconf 86' lang='lat'><em>4.</em></span> <span class='ocrx_word' id='word_1_237' title='bbox 501 2175 607 2223; x_wconf 82' lang='grc' dir='ltr'><em>οὔτε</em></span> <span class='ocrx_word' id='word_1_238' title='bbox 635 2180 720 2234; x_wconf 80' lang='lat' dir='ltr'>ter]</span> <span class='ocrx_word' id='word_1_239' title='bbox 750 2173 863 2222; x_wconf 72' lang='grc' dir='ltr'><em>οὐδὲ</em></span> <span class='ocrx_word' id='word_1_240' title='bbox 892 2181 962 2220; x_wconf 83' lang='lat' dir='ltr'><em>ter</em></span> <span class='ocrx_word' id='word_1_241' title='bbox 990 2176 1044 2221; x_wconf 85' lang='lat' dir='ltr'><em>P.</em></span> <span class='ocrx_word' id='word_1_242' title='bbox 1129 2177 1172 2221; x_wconf 86' lang='lat'><em>4.</em></span> <span class='ocrx_word' id='word_1_243' title='bbox 1197 2174 1392 2236; x_wconf 75' lang='grc' dir='ltr'><em>ἀδελφοὶ</em></span> <span class='ocrx_word' id='word_1_244' title='bbox 1423 2180 1471 2221; x_wconf 83' lang='grc' dir='ltr'><em>Α.</em></span> <span class='ocrx_word' id='word_1_245' title='bbox 1531 2174 1732 2235; x_wconf 73' lang='grc' dir='ltr'><em>ἀδελφός</em></span> <span class='ocrx_word' id='word_1_246' title='bbox 1760 2177 1811 2223; x_wconf 90' lang='grc' dir='ltr'><em>Ρ.</em></span> <span class='ocrx_word' id='word_1_247' title='bbox 1900 2178 1967 2221; x_wconf 77' lang='grc'><em>12.</em></span> <span class='ocrx_word' id='word_1_248' title='bbox 1999 2191 2078 2232; x_wconf 85' lang='grc' dir='ltr'><em>με·</em></span> <span class='ocrx_word' id='word_1_249' title='bbox 2139 2165 2145 2177; x_wconf 75' lang='grc'>’</span> 
     </span>
     <span class='ocr_line' id='line_1_26' title="bbox 352 2231 2076 2338; baseline -0.002 -56"><span class='ocrx_word' id='word_1_250' title='bbox 352 2236 714 2338; x_wconf 47' lang='grc' dir='ltr'><em>ἱοὲἒιξεγςῗνουσι]</em></span> <span class='ocrx_word' id='word_1_251' title='bbox 745 2232 1113 2292; x_wconf 79' lang='grc' dir='ltr'><em>μεταλαχάνουσι</em></span> <span class='ocrx_word' id='word_1_252' title='bbox 1141 2237 1192 2279; x_wconf 90' lang='grc' dir='ltr'><em>Α.</em></span> <span class='ocrx_word' id='word_1_253' title='bbox 1367 2237 1436 2281; x_wconf 90' lang='grc'><em>15.</em></span> <span class='ocrx_word' id='word_1_254' title='bbox 1479 2232 1588 2281; x_wconf 79' lang='grc' dir='ltr'><em>οὔτε</em></span> <span class='ocrx_word' id='word_1_255' title='bbox 1615 2261 1672 2269; x_wconf 93' lang='grc'>-</span> <span class='ocrx_word' id='word_1_256' title='bbox 1702 2232 1838 2291; x_wconf 79' lang='grc' dir='ltr'><em>οὔτε]</em></span> <span class='ocrx_word' id='word_1_257' title='bbox 1877 2231 1989 2279; x_wconf 79' lang='grc' dir='ltr'><em>οὐδὲ</em></span> <span class='ocrx_word' id='word_1_258' title='bbox 2019 2258 2076 2266; x_wconf 93' lang='grc'><em>--</em></span> 
     </span>
    </p>
   </div>
   <div class='ocr_carea' id='block_1_9' title="bbox 239 2432 2184 3290">
    <p class='ocr_par' dir='ltr' id='par_1_11' title="bbox 239 2432 2184 3290">
     <span class='ocr_line' id='line_1_27' title="bbox 239 2432 2078 2492; baseline -0.001 -15"><span class='ocrx_word' id='word_1_259' title='bbox 239 2434 385 2478; x_wconf 86' lang='lat' dir='ltr'>statim</span> <span class='ocrx_word' id='word_1_260' title='bbox 415 2447 599 2491; x_wconf 86' lang='lat' dir='ltr'>pugnam</span> <span class='ocrx_word' id='word_1_261' title='bbox 628 2438 799 2491; x_wconf 83' lang='lat' dir='ltr'>raptum</span> <span class='ocrx_word' id='word_1_262' title='bbox 828 2435 882 2479; x_wconf 83' lang='lat' dir='ltr'><em>iri</em></span> <span class='ocrx_word' id='word_1_263' title='bbox 911 2435 955 2479; x_wconf 91' lang='lat' dir='ltr'><em>in</em></span> <span class='ocrx_word' id='word_1_264' title='bbox 985 2449 1223 2490; x_wconf 79' lang='lat' dir='ltr'>carcerem,</span> <span class='ocrx_word' id='word_1_265' title='bbox 1252 2434 1439 2492; x_wconf 78' lang='lat' dir='ltr'>indeque</span> <span class='ocrx_word' id='word_1_266' title='bbox 1466 2434 1525 2480; x_wconf 86' lang='lat' dir='ltr'><em>ad</em></span> <span class='ocrx_word' id='word_1_267' title='bbox 1551 2437 1783 2480; x_wconf 81' lang='lat' dir='ltr'>extremum</span> <span class='ocrx_word' id='word_1_268' title='bbox 1811 2432 2078 2492; x_wconf 81' lang='lat' dir='ltr'>supplicium.</span> 
     </span>
     <span class='ocr_line' id='line_1_28' title="bbox 242 2491 2078 2552; baseline -0.001 -17"><span class='ocrx_word' id='word_1_269' title='bbox 242 2491 366 2535; x_wconf 80' lang='lat' dir='ltr'>Alter</span> <span class='ocrx_word' id='word_1_270' title='bbox 403 2493 458 2534; x_wconf 83' lang='lat' dir='ltr'>ab</span> <span class='ocrx_word' id='word_1_271' title='bbox 499 2493 635 2535; x_wconf 85' lang='lat' dir='ltr'>altero</span> <span class='ocrx_word' id='word_1_272' title='bbox 677 2494 790 2536; x_wconf 75' lang='lat' dir='ltr'>nulla</span> <span class='ocrx_word' id='word_1_273' title='bbox 831 2494 988 2538; x_wconf 83' lang='lat' dir='ltr'>iniuria</span> <span class='ocrx_word' id='word_1_274' title='bbox 1027 2493 1277 2552; x_wconf 84' lang='lat' dir='ltr'>provocati,</span> <span class='ocrx_word' id='word_1_275' title='bbox 1316 2493 1459 2537; x_wconf 86' lang='lat' dir='ltr'>odium</span> <span class='ocrx_word' id='word_1_276' title='bbox 1487 2493 1600 2536; x_wconf 87' lang='lat' dir='ltr'>inter</span> <span class='ocrx_word' id='word_1_277' title='bbox 1627 2506 1675 2536; x_wconf 86' lang='lat' dir='ltr'>se</span> <span class='ocrx_word' id='word_1_278' title='bbox 1703 2491 1941 2548; x_wconf 78' lang='lat' dir='ltr'>suscipiunt</span> <span class='ocrx_word' id='word_1_279' title='bbox 1970 2491 2078 2534; x_wconf 91' lang='lat' dir='ltr'>adeo</span> 
     </span>
     <span class='ocr_line' id='line_1_29' title="bbox 242 2547 2153 2606; baseline 0 -17"><span class='ocrx_word' id='word_1_280' title='bbox 242 2547 518 2604; x_wconf 80' lang='lat' dir='ltr'><strong>inexpiabile,</strong></span> <span class='ocrx_word' id='word_1_281' title='bbox 551 2555 599 2591; x_wconf 86' lang='lat' dir='ltr'>ut</span> <span class='ocrx_word' id='word_1_282' title='bbox 628 2549 731 2593; x_wconf 86' lang='lat' dir='ltr'>licet</span> <span class='ocrx_word' id='word_1_283' title='bbox 760 2552 1054 2606; x_wconf 80' lang='lat' dir='ltr'><strong>germanitatis</strong></span> <span class='ocrx_word' id='word_1_284' title='bbox 1084 2557 1158 2596; x_wconf 83' lang='lat' dir='ltr'><em>aut</em></span> <span class='ocrx_word' id='word_1_285' title='bbox 1187 2552 1270 2594; x_wconf 86' lang='lat' dir='ltr'>alio</span> <span class='ocrx_word' id='word_1_286' title='bbox 1300 2549 1590 2594; x_wconf 87' lang='lat' dir='ltr'>huiuscemodi</span> <span class='ocrx_word' id='word_1_287' title='bbox 1618 2549 1783 2593; x_wconf 84' lang='lat' dir='ltr'>vinculo</span> <span class='ocrx_word' id='word_1_288' title='bbox 1812 2549 1945 2591; x_wconf 84' lang='lat' dir='ltr'>iuncti</span> <span class='ocrx_word' id='word_1_289' title='bbox 1974 2548 2076 2600; x_wconf 85' lang='lat' dir='ltr'>sint,</span> <span class='ocrx_word' id='word_1_290' title='bbox 2145 2556 2153 2562; x_wconf 85' lang='lat'>·</span> 
     </span>
     <span class='ocr_line' id='line_1_30' title="bbox 247 2605 2174 2660; baseline 0 -13"><span class='ocrx_word' id='word_1_291' title='bbox 247 2606 323 2660; x_wconf 83' lang='lat' dir='ltr'><em>qui</em></span> <span class='ocrx_word' id='word_1_292' title='bbox 354 2607 538 2648; x_wconf 88' lang='lat' dir='ltr'>colorum</span> <span class='ocrx_word' id='word_1_293' title='bbox 566 2605 742 2649; x_wconf 86' lang='lat' dir='ltr'>istorum</span> <span class='ocrx_word' id='word_1_294' title='bbox 772 2608 953 2651; x_wconf 85' lang='lat' dir='ltr'>diversis</span> <span class='ocrx_word' id='word_1_295' title='bbox 981 2609 1160 2652; x_wconf 85' lang='lat' dir='ltr'>invicem</span> <span class='ocrx_word' id='word_1_296' title='bbox 1189 2608 1344 2652; x_wconf 86' lang='lat' dir='ltr'>studiis</span> <span class='ocrx_word' id='word_1_297' title='bbox 1373 2607 1603 2660; x_wconf 75' lang='lat' dir='ltr'>dissident,</span> <span class='ocrx_word' id='word_1_298' title='bbox 1631 2607 1739 2650; x_wconf 82' lang='lat' dir='ltr'>nulli</span> <span class='ocrx_word' id='word_1_299' title='bbox 1766 2613 1907 2649; x_wconf 89' lang='lat' dir='ltr'>tamen</span> <span class='ocrx_word' id='word_1_300' title='bbox 1929 2618 2080 2648; x_wconf 82' lang='lat' dir='ltr'>neces·</span> <span class='ocrx_word' id='word_1_301' title='bbox 2172 2636 2174 2638; x_wconf 28' lang='grc' dir='ltr'>ψ</span> 
     </span>
     <span class='ocr_line' id='line_1_31' title="bbox 246 2660 2180 2722; baseline 0.001 -20"><span class='ocrx_word' id='word_1_302' title='bbox 246 2660 452 2714; x_wconf 86' lang='lat' dir='ltr'>situdini‚</span> <span class='ocrx_word' id='word_1_303' title='bbox 495 2677 579 2704; x_wconf 91' lang='lat' dir='ltr'><em>non</em></span> <span class='ocrx_word' id='word_1_304' title='bbox 609 2664 996 2720; x_wconf 71' lang='lat' dir='ltr'>consanguinitati,</span> <span class='ocrx_word' id='word_1_305' title='bbox 1039 2681 1124 2709; x_wconf 90' lang='lat' dir='ltr'><em>non</em></span> <span class='ocrx_word' id='word_1_306' title='bbox 1153 2666 1320 2722; x_wconf 83' lang='lat' dir='ltr'>legibus</span> <span class='ocrx_word' id='word_1_307' title='bbox 1348 2664 1559 2708; x_wconf 75' lang='lat' dir='ltr'>amicitiae</span> <span class='ocrx_word' id='word_1_308' title='bbox 1588 2664 1811 2708; x_wconf 84' lang='lat' dir='ltr'>concedat.</span> <span class='ocrx_word' id='word_1_309' title='bbox 1870 2663 1982 2706; x_wconf 87' lang='lat' dir='ltr'>Prae</span> <span class='ocrx_word' id='word_1_310' title='bbox 2015 2661 2080 2704; x_wconf 88' lang='lat' dir='ltr'>vi-</span> <span class='ocrx_word' id='word_1_311' title='bbox 2140 2665 2180 2685; x_wconf 82' lang='lat'><em>&#39;⁰</em></span> 
     </span>
     <span class='ocr_line' id='line_1_32' title="bbox 245 2718 2079 2780; baseline 0.001 -20"><span class='ocrx_word' id='word_1_312' title='bbox 245 2718 403 2770; x_wconf 66' lang='lat' dir='ltr'>(storia,</span> <span class='ocrx_word' id='word_1_313' title='bbox 443 2732 567 2774; x_wconf 87' lang='lat' dir='ltr'>quam</span> <span class='ocrx_word' id='word_1_314' title='bbox 608 2720 653 2761; x_wconf 90' lang='lat' dir='ltr'><em>in</em></span> <span class='ocrx_word' id='word_1_315' title='bbox 683 2721 748 2762; x_wconf 89' lang='lat' dir='ltr'>his</span> <span class='ocrx_word' id='word_1_316' title='bbox 779 2722 995 2775; x_wconf 87' lang='lat' dir='ltr'>ambiunt,</span> <span class='ocrx_word' id='word_1_317' title='bbox 1041 2723 1187 2766; x_wconf 81' lang='lat' dir='ltr'>divina</span> <span class='ocrx_word' id='word_1_318' title='bbox 1214 2737 1351 2780; x_wconf 82' lang='lat' dir='ltr'>aeque</span> <span class='ocrx_word' id='word_1_319' title='bbox 1378 2721 1492 2777; x_wconf 70' lang='lat' dir='ltr'>epod</span> <span class='ocrx_word' id='word_1_320' title='bbox 1519 2721 1615 2764; x_wconf 80' lang='lat' dir='ltr'>iilos</span> <span class='ocrx_word' id='word_1_321' title='bbox 1643 2723 1910 2778; x_wconf 85' lang='lat' dir='ltr'>humanaque</span> <span class='ocrx_word' id='word_1_322' title='bbox 1937 2720 2079 2762; x_wconf 90' lang='lat' dir='ltr'>iacent</span> 
     </span>
     <span class='ocr_line' id='line_1_33' title="bbox 245 2775 2079 2836; baseline 0.001 -20"><span class='ocrx_word' id='word_1_323' title='bbox 245 2775 405 2817; x_wconf 86' lang='lat' dir='ltr'>omnia:</span> <span class='ocrx_word' id='word_1_324' title='bbox 434 2790 572 2832; x_wconf 89' lang='lat' dir='ltr'>neque</span> <span class='ocrx_word' id='word_1_325' title='bbox 600 2776 707 2831; x_wconf 88' lang='lat' dir='ltr'>ipsis</span> <span class='ocrx_word' id='word_1_326' title='bbox 737 2778 857 2834; x_wconf 88' lang='lat' dir='ltr'>pensi</span> <span class='ocrx_word' id='word_1_327' title='bbox 887 2785 967 2831; x_wconf 90' lang='lat' dir='ltr'>est,</span> <span class='ocrx_word' id='word_1_328' title='bbox 997 2779 1100 2836; x_wconf 87' lang='lat' dir='ltr'>quid</span> <span class='ocrx_word' id='word_1_329' title='bbox 1129 2779 1235 2823; x_wconf 86' lang='lat' dir='ltr'>socii</span> <span class='ocrx_word' id='word_1_330' title='bbox 1263 2778 1467 2823; x_wconf 75' lang='lat' dir='ltr'>aemuiive</span> <span class='ocrx_word' id='word_1_331' title='bbox 1495 2778 1623 2834; x_wconf 84' lang='lat' dir='ltr'>impie</span> <span class='ocrx_word' id='word_1_332' title='bbox 1645 2779 1689 2821; x_wconf 88' lang='lat' dir='ltr'><em>in</em></span> <span class='ocrx_word' id='word_1_333' title='bbox 1719 2778 1854 2821; x_wconf 90' lang='lat' dir='ltr'>Deum</span> <span class='ocrx_word' id='word_1_334' title='bbox 1884 2781 2079 2834; x_wconf 79' lang='lat' dir='ltr'>peccent,</span> 
     </span>
     <span class='ocr_line' id='line_1_34' title="bbox 246 2832 2080 2894; baseline 0.001 -21"><span class='ocrx_word' id='word_1_335' title='bbox 246 2838 323 2873; x_wconf 82' lang='lat' dir='ltr'>aut</span> <span class='ocrx_word' id='word_1_336' title='bbox 363 2846 449 2887; x_wconf 91' lang='lat' dir='ltr'><em>quo</em></span> <span class='ocrx_word' id='word_1_337' title='bbox 489 2833 652 2876; x_wconf 87' lang='lat' dir='ltr'>scelere</span> <span class='ocrx_word' id='word_1_338' title='bbox 680 2834 812 2889; x_wconf 37' lang='lat' dir='ltr'><em>sleges</em></span> <span class='ocrx_word' id='word_1_339' title='bbox 850 2849 1026 2892; x_wconf 88' lang='lat' dir='ltr'>remque</span> <span class='ocrx_word' id='word_1_340' title='bbox 1069 2837 1276 2894; x_wconf 83' lang='lat' dir='ltr'>publicam</span> <span class='ocrx_word' id='word_1_341' title='bbox 1307 2835 1482 2878; x_wconf 77' lang='lat' dir='ltr'>violent.</span> <span class='ocrx_word' id='word_1_342' title='bbox 1540 2836 1631 2878; x_wconf 87' lang='lat' dir='ltr'><em>Eos</em></span> <span class='ocrx_word' id='word_1_343' title='bbox 1660 2850 1739 2878; x_wconf 89' lang='lat' dir='ltr'><em>nec</em></span> <span class='ocrx_word' id='word_1_344' title='bbox 1764 2835 1827 2878; x_wconf 89' lang='lat' dir='ltr'><em>rei</em></span> <span class='ocrx_word' id='word_1_345' title='bbox 1856 2832 2080 2878; x_wconf 80' lang='lat' dir='ltr'>familiaris</span> 
     </span>
     <span class='ocr_line' id='line_1_35' title="bbox 247 2889 2184 2955; baseline 0.001 -25"><span class='ocrx_word' id='word_1_346' title='bbox 247 2889 469 2944; x_wconf 85' lang='lat' dir='ltr'>angustia,</span> <span class='ocrx_word' id='word_1_347' title='bbox 499 2904 579 2932; x_wconf 87' lang='lat' dir='ltr'><em>nec</em></span> <span class='ocrx_word' id='word_1_348' title='bbox 607 2904 765 2934; x_wconf 80' lang='lat' dir='ltr'>summa</span> <span class='ocrx_word' id='word_1_349' title='bbox 787 2891 967 2944; x_wconf 85' lang='lat' dir='ltr'>iniuria,</span> <span class='ocrx_word' id='word_1_350' title='bbox 1004 2907 1114 2949; x_wconf 84' lang='lat' dir='ltr'>quae</span> <span class='ocrx_word' id='word_1_351' title='bbox 1141 2895 1187 2936; x_wconf 90' lang='lat' dir='ltr'><em>in</em></span> <span class='ocrx_word' id='word_1_352' title='bbox 1216 2892 1404 2936; x_wconf 81' lang='lat' dir='ltr'>maximis</span> <span class='ocrx_word' id='word_1_353' title='bbox 1433 2893 1760 2935; x_wconf 77' lang='lat' dir='ltr'>necessitatibus</span> <span class='ocrx_word' id='word_1_354' title='bbox 1788 2890 1970 2935; x_wconf 85' lang='lat' dir='ltr'>infertur</span> <span class='ocrx_word' id='word_1_355' title='bbox 2033 2904 2080 2932; x_wconf 83' lang='lat' dir='ltr'><em>a·</em></span> <span class='ocrx_word' id='word_1_356' title='bbox 2162 2934 2184 2955; x_wconf 62' lang='lat'><em>«-</em></span> 
     </span>
     <span class='ocr_line' id='line_1_36' title="bbox 247 2945 2184 3005; baseline 0.002 -19"><span class='ocrx_word' id='word_1_357' title='bbox 247 2945 384 2996; x_wconf 79' lang='lat' dir='ltr'>triae,</span> <span class='ocrx_word' id='word_1_358' title='bbox 423 2952 592 2998; x_wconf 82' lang='lat' dir='ltr'>movet3</span> <span class='ocrx_word' id='word_1_359' title='bbox 637 2947 860 2991; x_wconf 90' lang='lat' dir='ltr'><em>dummodo</em></span> <span class='ocrx_word' id='word_1_360' title='bbox 892 2950 1000 2992; x_wconf 74' lang='lat' dir='ltr'>Pars</span> <span class='ocrx_word' id='word_1_361' title='bbox 1039 2951 1134 3005; x_wconf 86' lang='lat' dir='ltr'>(ita</span> <span class='ocrx_word' id='word_1_362' title='bbox 1163 2956 1321 2994; x_wconf 84' lang='lat' dir='ltr'>vocant</span> <span class='ocrx_word' id='word_1_363' title='bbox 1346 2947 1484 2992; x_wconf 83' lang='lat' dir='ltr'>socios</span> <span class='ocrx_word' id='word_1_364' title='bbox 1514 2950 1745 3005; x_wconf 80' lang='lat' dir='ltr'>factionis)</span> <span class='ocrx_word' id='word_1_365' title='bbox 1786 2949 1896 2992; x_wconf 85' lang='lat' dir='ltr'>belle</span> <span class='ocrx_word' id='word_1_366' title='bbox 1924 2962 1972 2991; x_wconf 88' lang='lat' dir='ltr'>se</span> <span class='ocrx_word' id='word_1_367' title='bbox 2031 2961 2081 2989; x_wconf 84' lang='lat' dir='ltr'><em>a·</em></span> <span class='ocrx_word' id='word_1_368' title='bbox 2152 2950 2184 2998; x_wconf 55' lang='grc' dir='ltr'><em>’ζ</em></span> 
     </span>
     <span class='ocr_line' id='line_1_37' title="bbox 247 3001 2081 3063; baseline 0.002 -20"><span class='ocrx_word' id='word_1_369' title='bbox 247 3001 363 3047; x_wconf 86' lang='lat' dir='ltr'>beat.</span> <span class='ocrx_word' id='word_1_370' title='bbox 422 3003 579 3059; x_wconf 90' lang='lat' dir='ltr'>Neque</span> <span class='ocrx_word' id='word_1_371' title='bbox 607 3003 729 3060; x_wconf 84' lang='lat' dir='ltr'>ipsae</span> <span class='ocrx_word' id='word_1_372' title='bbox 758 3005 966 3049; x_wconf 78' lang='lat' dir='ltr'>foeminae</span> <span class='ocrx_word' id='word_1_373' title='bbox 997 3007 1078 3049; x_wconf 86' lang='lat' dir='ltr'><em>hoc</em></span> <span class='ocrx_word' id='word_1_374' title='bbox 1106 3007 1272 3063; x_wconf 86' lang='lat' dir='ltr'>piaculo</span> <span class='ocrx_word' id='word_1_375' title='bbox 1302 3013 1481 3051; x_wconf 80' lang='lat' dir='ltr'>vacant:</span> <span class='ocrx_word' id='word_1_376' title='bbox 1525 3005 1733 3063; x_wconf 89' lang='lat' dir='ltr'>siquidem</span> <span class='ocrx_word' id='word_1_377' title='bbox 1772 3005 1947 3050; x_wconf 87' lang='lat' dir='ltr'>eandem</span> <span class='ocrx_word' id='word_1_378' title='bbox 1986 3018 2081 3046; x_wconf 83' lang='lat' dir='ltr'><em>cum</em></span> 
     </span>
     <span class='ocr_line' id='line_1_38' title="bbox 246 3059 2175 3120; baseline 0.001 -20"><span class='ocrx_word' id='word_1_379' title='bbox 246 3059 351 3101; x_wconf 84' lang='lat' dir='ltr'>viris</span> <span class='ocrx_word' id='word_1_380' title='bbox 381 3059 495 3110; x_wconf 85' lang='lat' dir='ltr'>suis,</span> <span class='ocrx_word' id='word_1_381' title='bbox 540 3060 609 3102; x_wconf 83' lang='lat' dir='ltr'>vel</span> <span class='ocrx_word' id='word_1_382' title='bbox 633 3062 749 3104; x_wconf 88' lang='lat' dir='ltr'>forte</span> <span class='ocrx_word' id='word_1_383' title='bbox 777 3061 1000 3106; x_wconf 86' lang='lat' dir='ltr'>adversam</span> <span class='ocrx_word' id='word_1_384' title='bbox 1033 3064 1262 3107; x_wconf 83' lang='lat' dir='ltr'>factionem</span> <span class='ocrx_word' id='word_1_385' title='bbox 1290 3067 1546 3120; x_wconf 86' lang='lat' dir='ltr'>sequuntur:</span> <span class='ocrx_word' id='word_1_386' title='bbox 1590 3063 1782 3119; x_wconf 85' lang='lat' dir='ltr'>quamvis</span> <span class='ocrx_word' id='word_1_387' title='bbox 1821 3060 2081 3118; x_wconf 71' lang='lat' dir='ltr'>spectacuiis</span> <span class='ocrx_word' id='word_1_388' title='bbox 2162 3071 2175 3113; x_wconf 58' lang='grc' dir='ltr'>ᾳ</span> 
     </span>
     <span class='ocr_line' id='line_1_39' title="bbox 246 3116 2082 3177; baseline 0.001 -20"><span class='ocrx_word' id='word_1_389' title='bbox 246 3116 413 3158; x_wconf 88' lang='lat' dir='ltr'>omnino</span> <span class='ocrx_word' id='word_1_390' title='bbox 445 3116 712 3170; x_wconf 84' lang='lat' dir='ltr'>abstineant,</span> <span class='ocrx_word' id='word_1_391' title='bbox 749 3132 888 3175; x_wconf 89' lang='lat' dir='ltr'>neque</span> <span class='ocrx_word' id='word_1_392' title='bbox 916 3120 998 3162; x_wconf 87' lang='lat' dir='ltr'>alio</span> <span class='ocrx_word' id='word_1_393' title='bbox 1029 3135 1242 3176; x_wconf 80' lang='lat' dir='ltr'>quoquam</span> <span class='ocrx_word' id='word_1_394' title='bbox 1272 3121 1344 3177; x_wconf 82' lang='lat' dir='ltr'><em>agi</em></span> <span class='ocrx_word' id='word_1_395' title='bbox 1373 3119 1638 3163; x_wconf 79' lang='lat' dir='ltr'>irritamento</span> <span class='ocrx_word' id='word_1_396' title='bbox 1669 3120 1859 3176; x_wconf 87' lang='lat' dir='ltr'>possint;</span> <span class='ocrx_word' id='word_1_397' title='bbox 1901 3125 1950 3161; x_wconf 87' lang='lat' dir='ltr'>ut</span> <span class='ocrx_word' id='word_1_398' title='bbox 1976 3117 2082 3161; x_wconf 89' lang='lat' dir='ltr'>illud</span> 
     </span>
     <span class='ocr_line' id='line_1_40' title="bbox 247 3172 2184 3233; baseline 0.002 -18"><span class='ocrx_word' id='word_1_399' title='bbox 247 3186 330 3227; x_wconf 85' lang='lat' dir='ltr'>ego</span> <span class='ocrx_word' id='word_1_400' title='bbox 365 3172 510 3217; x_wconf 84' lang='lat' dir='ltr'>verius</span> <span class='ocrx_word' id='word_1_401' title='bbox 540 3189 744 3231; x_wconf 85' lang='lat' dir='ltr'>nequeam</span> <span class='ocrx_word' id='word_1_402' title='bbox 772 3176 1018 3232; x_wconf 84' lang='lat' dir='ltr'>appellare,</span> <span class='ocrx_word' id='word_1_403' title='bbox 1065 3192 1191 3233; x_wconf 90' lang='lat' dir='ltr'>quam</span> <span class='ocrx_word' id='word_1_404' title='bbox 1221 3178 1347 3220; x_wconf 88' lang='lat' dir='ltr'>animi</span> <span class='ocrx_word' id='word_1_405' title='bbox 1375 3177 1560 3220; x_wconf 84' lang='lat' dir='ltr'>morbum</span> <span class='ocrx_word' id='word_1_406' title='bbox 1591 3191 1830 3233; x_wconf 77' lang='lat' dir='ltr'>metamque</span> <span class='ocrx_word' id='word_1_407' title='bbox 1858 3176 2079 3219; x_wconf 83' lang='lat' dir='ltr'>insaniam.</span> <span class='ocrx_word' id='word_1_408' title='bbox 2173 3194 2184 3225; x_wconf 62' lang='grc' dir='ltr'><em>,ο</em></span> 
     </span>
     <span class='ocr_line' id='line_1_41' title="bbox 248 3228 2147 3290; baseline 0.003 -19"><span class='ocrx_word' id='word_1_409' title='bbox 248 3228 319 3272; x_wconf 87' lang='lat' dir='ltr'>En</span> <span class='ocrx_word' id='word_1_410' title='bbox 348 3244 430 3286; x_wconf 90' lang='lat' dir='ltr'><em>quo</em></span> <span class='ocrx_word' id='word_1_411' title='bbox 461 3231 661 3274; x_wconf 84' lang='lat' dir='ltr'>civitates</span> <span class='ocrx_word' id='word_1_412' title='bbox 689 3233 1002 3290; x_wconf 87' lang='lat' dir='ltr'>popularesque</span> <span class='ocrx_word' id='word_1_413' title='bbox 1031 3234 1240 3277; x_wconf 85' lang='lat' dir='ltr'>factiones</span> <span class='ocrx_word' id='word_1_414' title='bbox 1269 3234 1396 3278; x_wconf 87' lang='lat' dir='ltr'>hodie</span> <span class='ocrx_word' id='word_1_415' title='bbox 1428 3234 1627 3277; x_wconf 85' lang='lat' dir='ltr'>redactae</span> <span class='ocrx_word' id='word_1_416' title='bbox 1659 3240 1770 3277; x_wconf 88' lang='lat' dir='ltr'>sunt.</span> <span class='ocrx_word' id='word_1_417' title='bbox 2140 3250 2147 3257; x_wconf 59' lang='lat'>⁹</span> 
     </span>
    </p>
   </div>
   <div class='ocr_carea' id='block_1_10' title="bbox 249 3307 2177 3491">
    <p class='ocr_par' dir='ltr' id='par_1_12' title="bbox 249 3307 2177 3491">
     <span class='ocr_line' id='line_1_42' title="bbox 365 3307 2165 3375; baseline 0.002 -19"><span class='ocrx_word' id='word_1_418' title='bbox 365 3314 474 3358; x_wconf 88' lang='lat' dir='ltr'><em>Cum</em></span> <span class='ocrx_word' id='word_1_419' title='bbox 519 3320 660 3359; x_wconf 86' lang='lat' dir='ltr'>autem</span> <span class='ocrx_word' id='word_1_420' title='bbox 702 3317 954 3361; x_wconf 79' lang='lat' dir='ltr'>Praefectus</span> <span class='ocrx_word' id='word_1_421' title='bbox 992 3318 1109 3361; x_wconf 85' lang='lat' dir='ltr'>urbis</span> <span class='ocrx_word' id='word_1_422' title='bbox 1146 3318 1352 3362; x_wconf 84' lang='lat' dir='ltr'>factiosos</span> <span class='ocrx_word' id='word_1_423' title='bbox 1391 3318 1558 3375; x_wconf 84' lang='lat' dir='ltr'>aliquos</span> <span class='ocrx_word' id='word_1_424' title='bbox 1597 3307 1652 3361; x_wconf 81' lang='lat' dir='ltr'><em>ad</em></span> <span class='ocrx_word' id='word_1_425' title='bbox 1690 3323 1863 3362; x_wconf 85' lang='lat' dir='ltr'>mortem</span> <span class='ocrx_word' id='word_1_426' title='bbox 1894 3320 2082 3374; x_wconf 83' lang='lat' dir='ltr'>raperet,</span> <span class='ocrx_word' id='word_1_427' title='bbox 2152 3324 2165 3341; x_wconf 72' lang='lat'>⁵</span> 
     </span>
     <span class='ocr_line' id='line_1_43' title="bbox 249 3371 2152 3433; baseline 0.002 -21"><span class='ocrx_word' id='word_1_428' title='bbox 249 3371 473 3428; x_wconf 86' lang='lat' dir='ltr'>utriusque</span> <span class='ocrx_word' id='word_1_429' title='bbox 513 3373 652 3430; x_wconf 82' lang='lat' dir='ltr'>partis</span> <span class='ocrx_word' id='word_1_430' title='bbox 690 3374 879 3417; x_wconf 88' lang='lat' dir='ltr'>homines</span> <span class='ocrx_word' id='word_1_431' title='bbox 919 3374 1025 3418; x_wconf 87' lang='lat' dir='ltr'>inito</span> <span class='ocrx_word' id='word_1_432' title='bbox 1056 3376 1172 3417; x_wconf 86' lang='lat' dir='ltr'>inter</span> <span class='ocrx_word' id='word_1_433' title='bbox 1201 3390 1247 3417; x_wconf 87' lang='lat' dir='ltr'>se</span> <span class='ocrx_word' id='word_1_434' title='bbox 1277 3375 1452 3418; x_wconf 84' lang='lat' dir='ltr'>foedere</span> <span class='ocrx_word' id='word_1_435' title='bbox 1481 3383 1526 3417; x_wconf 88' lang='lat' dir='ltr'><em>et</em></span> <span class='ocrx_word' id='word_1_436' title='bbox 1555 3376 1870 3433; x_wconf 78' lang='lat' dir='ltr'>conspiratione</span> <span class='ocrx_word' id='word_1_437' title='bbox 1899 3374 2083 3418; x_wconf 79' lang='lat' dir='ltr'>conflata</span> <span class='ocrx_word' id='word_1_438' title='bbox 2143 3426 2152 3431; x_wconf 91' lang='lat'>.</span> 
     </span>
     <span class='ocr_line' id='line_1_44' title="bbox 251 3429 2177 3491; baseline 0.001 -20"><span class='ocrx_word' id='word_1_439' title='bbox 251 3429 395 3472; x_wconf 81' lang='lat' dir='ltr'>fecere</span> <span class='ocrx_word' id='word_1_440' title='bbox 424 3429 648 3487; x_wconf 81' lang='lat' dir='ltr'>impetum,</span> <span class='ocrx_word' id='word_1_441' title='bbox 689 3444 742 3475; x_wconf 84' lang='lat' dir='ltr'>ac</span> <span class='ocrx_word' id='word_1_442' title='bbox 769 3438 940 3486; x_wconf 81' lang='lat' dir='ltr'>sontes,</span> <span class='ocrx_word' id='word_1_443' title='bbox 979 3432 1053 3491; x_wconf 87' lang='lat' dir='ltr'>qui</span> <span class='ocrx_word' id='word_1_444' title='bbox 1082 3433 1428 3487; x_wconf 79' lang='lat' dir='ltr'>abducebantur,</span> <span class='ocrx_word' id='word_1_445' title='bbox 1470 3433 1689 3491; x_wconf 82' lang='lat' dir='ltr'>eripuere:</span> <span class='ocrx_word' id='word_1_446' title='bbox 1736 3447 1832 3477; x_wconf 87' lang='lat' dir='ltr'><em>mox</em></span> <span class='ocrx_word' id='word_1_447' title='bbox 1863 3432 1988 3476; x_wconf 87' lang='lat' dir='ltr'>etiam</span> <span class='ocrx_word' id='word_1_448' title='bbox 2016 3431 2081 3473; x_wconf 85' lang='lat' dir='ltr'><em>in-</em></span> <span class='ocrx_word' id='word_1_449' title='bbox 2150 3446 2177 3478; x_wconf 77' lang='lat'><em>·‚</em></span> 
     </span>
    </p>
   </div>
  </div>
 </body>
</html>
