2184 3822
276 213 354 268 ‘28
1026 209 1357 265 PROCOPII

275 354 416 427 αὐτῷ
446 375 559 408 τινα
584 350 819 425 ἔφραζον,
867 349 1005 413 ὅπως
1030 349 1092 403 ἂν
1111 347 1361 422 Ἀρσάκης
1385 349 1539 412 αὗτὸς
1562 349 1794 419 ἄντικρυς
1817 344 1974 399 αὑτοῦ
2001 368 2094 399 κα-

273 448 502 511 τηγορεῖν
530 433 874 508 ἀναγκάζοιτο.
963 435 1021 489 τὸ
1047 435 1143 506 γὰρ
1171 441 1263 503 τῆς
1288 440 1554 503 βασιλικῆς
1575 439 1761 503 σκηνῆς
1790 431 1981 502 ἔδαφος
2006 429 2094 483 κό-

272 547 385 597 πρῳ
409 522 678 577 καλύπτειν
706 522 960 586 ἐκέλευον,
1007 520 1163 589 ἥμισυ
1186 522 1280 589 μὲν
1303 521 1356 574 ἐκ
1383 526 1475 589 τῆς
1495 524 1716 589 Περσῶν
1738 514 1940 587 χώρας,
1987 515 2094 568 θά-

269 631 416 680 τερον
441 610 496 662 δὲ
530 607 687 676 ἣμισυ
730 607 783 658 ἐκ
819 610 910 674 τῆς
936 604 1212 676 Ἀρμενίας.
1302 595 1386 658 καὶ
1426 603 1452 658 ὃ
1491 603 1731 671 βασιλεὺς
1758 601 1887 656 κατὰ
1932 605 2096 653 ταῦτα

271 695 440 747 ἐποίει.
528 690 643 745 τότε
670 691 734 759 δὴ
766 690 813 743 οἳ
843 686 994 759 μάγοι
1037 690 1130 759 τὴν
1156 690 1343 759 σκηνὴν
1381 688 1502 757 ὅλην
1535 690 1764 758 μαγείαις
1800 689 1901 740 τισὶ
1934 699 2137 742 κατα-5

272 776 516 846 λαβόντες
550 776 774 828 ἐκέλευον
799 775 886 828 τὸν
919 776 1132 843 βασιλέα
1159 775 1253 828 σὺν
1277 781 1350 847 τῷ
1383 771 1605 844 Ἀρσάκῃ
1645 773 1767 835 τοὺς
1791 768 2100 842 περιπάτους
2167 768 2169 770 ’

213 870 251 911 C
281 864 512 916 ἐνταῦθα
546 866 834 927 ποιεῖσθαι,
882 861 1215 914 ἐπικαλοῦντα
1252 868 1358 921 τοῖς
1393 881 1446 911 τε
1483 859 1812 927 ξυγκειμένοις
1843 858 1926 908 καὶ
1958 855 2098 923 ὅμω-

274 947 548 1016 μοσμένοις
585 943 933 1015 λυμήνασθαι.
1023 948 1125 998 δεῖν
1160 946 1216 998 δὲ
1245 943 1433 1006 αὐτοὺς
1463 948 1535 1015 τῷ
1577 939 1794 1015 διαλόγῳ
1826 940 2100 1011 παραγενέ-

273 1038 420 1086 σθαι.
507 1029 643 1085 οὕτω
667 1031 763 1102 γὰρ
788 1029 852 1084 ἂν
880 1034 982 1084 τῶν
1009 1027 1172 1099 λόγων
1193 1027 1450 1100 μάρτυρες
1474 1025 1712 1080 ἁπάντων
1738 1025 1848 1082 εἶεν.
1917 1025 2097 1078 αὐτίκα

272 1123 396 1188 γοῦν
431 1114 457 1170 ὅ
481 1113 777 1186 Πακούριος
799 1115 888 1168 τὸν
919 1113 1170 1186 Ἀρσάκην
1199 1110 1661 1183 μεταπεμψάμενος
1696 1109 1936 1173 διαύλους
1958 1110 2008 1162 ἓν
2030 1115 2095 1181 τῇ
2111 1121 2167 1166 10

272 1207 434 1273 σκηνῇ
463 1201 550 1265 ξὺν
573 1201 710 1274 αὐτῷ
737 1202 977 1266 ἐποιεῖτο,
1015 1197 1283 1271 παρόντων
1316 1201 1488 1271 σφίσιν
1513 1199 1744 1251 ἐνταῦθα
1774 1203 1875 1251 τῶν
1897 1193 2092 1264 μάγων,

273 1290 358 1341 καὶ
394 1283 770 1341 ἀνεπυνθάνετο
811 1291 903 1339 τοῦ
927 1283 1208 1356 ἀνθρώπου
1244 1283 1364 1338 ὅτου
1392 1283 1455 1354 δὴ
1494 1284 1634 1337 ἕνεκα
1661 1283 1726 1336 τὰ
1756 1281 2097 1350 ὀμωμοσμένα

275 1371 533 1443 ἠλογηκώς
556 1369 663 1425 εἶτα
684 1371 896 1441 Πέρσας
919 1392 972 1423 τε
1001 1373 1084 1423 καὶ
1103 1369 1393 1441 Ἀρμενίους
1413 1363 1568 1431 αἶθις
1591 1370 1780 1439 τρίβειν
1806 1367 2097 1434 ἀνηκέστοις

270 1466 443 1519 κακοῖς
480 1456 750 1527 ἐγχειροίη·
798 1453 824 1509 ὁ
862 1455 917 1508 δὲ
946 1452 1226 1526 Ἀρσάκης,
1275 1455 1369 1517 ἕως
1399 1455 1493 1522 μὲν
1526 1454 1578 1507 ἓν
1603 1458 1674 1527 τῷ
1701 1451 1852 1526 χώρῳ
1882 1451 1929 1504 οἷ
1958 1447 2096 1520 λόγοι
2162 1516 2164 1518 v

267 1543 485 1611 ἐγίνοντο
522 1534 584 1594 02²]
622 1540 686 1607 δὴ
724 1545 852 1608 χοῦς
887 1540 941 1592 ἐκ
985 1545 1078 1607 τῆς
1122 1541 1382 1611 Περσίδος
1426 1538 1672 1604 ἐπέκειτο,
1720 1534 1990 1608 ἅπηρνεῖτό
2042 1557 2093 1589 τε
2111 1546 2166 1592 15.

267 1629 350 1680 καὶ
403 1624 572 1697 ὅρκοις
615 1633 723 1687 τοῖς
772 1621 1077 1686 δεινοτάτοις
1133 1621 1467 1692 πιστούμενος
1519 1619 1844 1692 ἀνδράποδον
1900 1623 2096 1690 ἰσχυρί-

199 1721 240 1765 D
274 1714 380 1778 ζετο
434 1709 559 1764 εἶναι
608 1711 909 1780 Πακουριόυ
943 1705 1154 1763 πιστόν·
1192 1709 1361 1777 ἐπειδὴ
1398 1709 1455 1763 δὲ
1489 1709 1681 1777 μεταξὺ
1720 1707 1875 1777 λέγων
1912 1708 1962 1768 ἐς
2004 1711 2096 1774 τῆς
2155 1708 2162 1717 ’

265 1801 455 1866 σκηνῆς
477 1795 536 1848 τὸ
558 1794 716 1863 μέσον
743 1794 947 1866 ἀφῖκτο,
990 1796 1077 1847 ἵνα
1111 1794 1176 1863 δὴ
1198 1791 1389 1866 κόπρου
1417 1799 1510 1862 τῆς
1531 1794 1796 1865 Ἀρμενίας
1817 1793 2091 1860 ἐπέβησαν,
2150 1833 2159 1863 .·

264 1883 498 1935 ἐνταῦθα
537 1879 629 1934 οὐκ
666 1877 781 1950 οἶδα
815 1878 916 1953 ὅτῳ
953 1877 1296 1949 ἀναγκασθεὶς
1332 1876 1512 1949 λόγους
1548 1880 1641 1947 μὲν
1675 1875 1889 1940 τούτους
1930 1879 2011 1930 ἐπὶ
2033 1876 2092 1930 τὸ
2160 1889 2161 1898 ’

262 1962 588 2038 θρασύτερον
625 1965 922 2028 ἐξαπιναίως
952 1961 1306 2032 μεταβιβάζει,
1354 1964 1571 2018 ἀπειλῶν
1614 1964 1670 2017 δὲ
1696 1970 1768 2037 τῷ
1797 1985 1850 2016 τε
1877 1967 2090 2016 Πακου-
2156 2023 2158 2026 .

267 2055 360 2125 ρίῳ
387 2053 470 2105 καὶ
491 2049 721 2121 Πέρσαις
746 2049 837 2103 οὐκ
862 2048 934 2102 ἔτι
962 2048 1110 2115 ἀνίει,
1159 2049 1290 2102 ἀλλὰ
1313 2050 1560 2103 τίσασθαι
1590 2049 1776 2111 αὐτοὺς
1799 2048 2093 2117 ἐπηγγέλλε-

260 2159 321 2191 το
343 2135 540 2208 ὕβρεως
573 2137 757 2203 τῆσδε,
805 2133 1004 2188 ἐπειδὰν
1044 2134 1200 2197 αὐτὸς
1224 2133 1384 2188 αὐτοῦ
1421 2132 1636 2204 τάχιστα
1675 2131 1848 2206 κύριος
1882 2134 2089 2204 γένοιτο.

261 2224 348 2276 καὶ
388 2226 556 2275 ταῦτα
589 2219 745 2290 λέγων
788 2241 842 2273 τε
876 2221 959 2273 καὶ
1000 2216 1374 2288 νεανιευόμενος
1426 2221 1638 2274 ἐποιεῖτο
1687 2219 1777 2274 τὸν
1816 2220 2091 2286 περίπατον
2147 2230 2152 2236 ’

262 2306 412 2374 ὅλον,
457 2307 551 2368 ἕως
574 2305 902 2377 ἀναστρέψας
925 2307 977 2367 ἐς
1013 2303 1205 2377 κόπρον
1230 2300 1387 2368 αὖθις
1407 2306 1500 2374 τὴν
1528 2307 1582 2358 ἐκ
1607 2311 1698 2376 γῆς
1722 2310 1814 2374 τῆς
1842 2306 2090 2375 Περσίδος

2105 1974 2165 2071 -s

378 2458 421 2502 8.
449 2452 821 2514 παραγενέσθαι]
847 2452 1168 2512 περιγενέσθαι
1194 2456 1253 2499 Η.

262 2613 358 2643 nem
384 2597 584 2650 tradere,
627 2611 710 2653 qua
738 2599 922 2640 Arsaces
950 2611 1152 2642 accusare
1179 2612 1228 2642 se
1255 2598 1348 2656 ipse
1376 2611 1518 2641 coram
1547 2596 1803 2654 adigeretur.
1862 2595 1979 2650 Ergo
2019 2596 2087 2638 iu-

261 2658 366 2700 bent
395 2653 501 2710 regii
529 2654 791 2697 tabernaculi
819 2655 949 2698 solum
979 2655 1136 2699 obduci
1163 2657 1270 2710 luto,
1304 2663 1468 2712 sumpta
1495 2669 1551 2698 ex
1580 2669 1685 2711 agro
1713 2653 1886 2698 Persico
1914 2651 2086 2695 dimidia
2140 2675 2143 2678 >

261 2716 410 2770 parte,
449 2725 503 2754 ex
535 2711 727 2754 Armenio
757 2710 908 2754 altera.
967 2712 1283 2770 Praescriptum
1313 2713 1406 2756 Rex
1433 2713 1667 2755 accuravit.
1725 2713 1838 2755 Tum
1866 2709 1987 2766 Magi
2017 2714 2087 2751 ta-
2145 2732 2149 2743 τ

262 2769 493 2814 bernaculo
522 2768 767 2820 incantato,
808 2768 921 2823 Regi
950 2767 1229 2822 denuntiant,
1266 2770 1606 2813 inambulandum
1634 2768 1724 2812 illic
1754 2782 1849 2811 esse
1877 2781 1971 2810 cum
2000 2767 2084 2809 Ar-

260 2841 387 2880 sace,
417 2826 556 2883 deque
584 2826 703 2868 facta
731 2824 951 2867 conventis
980 2838 1031 2868 ac
1058 2826 1296 2870 iuramento
1325 2825 1476 2870 fraude
1503 2827 1881 2883 expostulandum:
1911 2830 2086 2880 oporte-

258 2898 308 2927 re
349 2887 487 2926 autem
530 2882 649 2938 ipsos
693 2882 900 2937 colloquio
938 2881 1171 2934 interesse3
1228 2890 1358 2941 atque
1406 2882 1469 2926 ita
1509 2889 1644 2926 testes
1689 2884 1898 2926 extituros
1939 2894 2083 2924 eorum
2146 2882 2151 2891 ‘

258 2941 439 2984 omnium
469 2954 578 2996 quae
606 2944 752 2982 essent
780 2938 894 2981 ultro
925 2939 1117 2995 citroque
1145 2940 1276 2984 dicta.
1334 2941 1484 2984 Accito
1523 2940 1742 2983 confestim
1782 2941 1966 2990 Arsace,
2004 2938 2083 2980 ob-
2139 2963 2145 2970 .

257 2997 475 3041 ambulare
503 3010 596 3039 cum
627 3010 677 3039 eo
709 2996 853 3052 coepit
879 2995 1088 3038 Pacurius
1115 2996 1161 3039 in
1189 2996 1492 3049 tabernaculo,
1535 3012 1676 3040 coram
1716 2997 1859 3051 Magis
1896 2996 2083 3038 interro·
2148 3047 2151 3055 st

255 3067 389 3110 gans,
430 3067 508 3096 cur
547 3060 698 3096 contra
735 3053 862 3095 fidem
890 3052 1123 3095 iuramento
1151 3055 1357 3098 sancitam
1386 3059 1595 3097 tentasset
1622 3055 1758 3097 denuo
1788 3053 1979 3095 maximis
2009 3065 2083 3094 ca-
2123 3089 2127 3094 ,

254 3110 513 3154 lamitatibus
541 3110 698 3153 Persas
726 3110 889 3166 pariter
917 3110 1206 3167 Armenosque
1235 3112 1486 3154 conterere?
1542 3112 1606 3154 Ac
1634 3110 1886 3169 pernegavit
1915 3109 2081 3163 quidem
2143 3111 2150 3140 ἓ’

253 3169 462 3218 Arsaces,
501 3167 632 3210 fidum
674 3181 722 3210 se
760 3180 856 3209 esse
890 3166 1140 3222 mancipium
1170 3168 1341 3211 Pacurii
1381 3168 1602 3220 deierans,
1642 3168 1831 3224 quandiu
1862 3167 1935 3208 ubi
1963 3170 2082 3208 terra
2133 3183 2147 3195 ‘-

253 3225 432 3268 Persica
469 3225 670 3276 suberat,
711 3228 810 3266 sunt
849 3223 1066 3266 collocuti.
1121 3225 1184 3267 Ut
1223 3240 1326 3268 vero
1365 3225 1501 3268 medio
1530 3225 1575 3267 in
1603 3238 1794 3269 sermone
1830 3223 2007 3266 medium
2035 3222 2080 3264 in
2143 3238 2145 3242 ⁴

253 3281 574 3326 tabernaculum
602 3284 775 3324 ventum
802 3285 892 3331 est,
941 3285 988 3322 et
1013 3284 1130 3324 terra
1157 3282 1356 3325 Armenia
1384 3282 1540 3326 calcari
1569 3288 1747 3338 coepta,
1784 3281 1859 3323 illa
1888 3296 1912 3323 e
1940 3279 2077 3322 vesti·
2129 3281 2138 3294 '

253 3339 327 3395 gio
356 3338 402 3382 vi
429 3338 572 3381 nescio
601 3352 685 3394 qua
712 3338 891 3380 adactus
917 3337 1227 3393 effervescere,
1256 3339 1508 3396 ingentique
1534 3352 1555 3381 s
1588 3339 1692 3382 iritu
1720 3352 1863 3381 vocem
1895 3336 2075 3388 mittere,
2133 3335 2141 3382 J

254 3394 440 3440 Pacurio
480 3394 709 3451 Persisque
749 3393 962 3446 minitari,
1000 3408 1222 3438 memorem
1261 3409 1310 3438 se
1344 3402 1475 3453 atque
1519 3411 1545 3438 a
1575 3411 1626 3440 eo
1666 3395 1844 3438 ultorem
1872 3399 2078 3448 acceptae

259 3452 537 3496 contumeliae
572 3452 794 3507 polliceri,
836 3452 981 3493 statim
1020 3457 1068 3494 ut
1102 3451 1205 3494 iuris
1246 3466 1340 3494 esse
1384 3453 1450 3495 sui
1490 3453 1715 3510 coepisset.
1784 3452 1855 3495 Ita
1891 3449 2076 3494 confecit

258 3509 467 3568 spatium,
509 3510 617 3554 haec
654 3507 908 3554 denuntians
941 3507 1268 3568 iuveniliterque
1296 3510 1533 3564 ferociens,
1577 3512 1711 3557 donec
1739 3522 1985 3566 regressu-⁶³,
2029 3507 2073 3549 in
2123 3517 2133 3530 '¹
