2098 3874
188 222 292 258 vm
388 206 493 258 EX
527 204 998 259 PRAEFATIONE
1040 204 1319 260 DAVIDIS
1360 204 1787 260 HOESCHELII.

185 357 314 404 rium
351 363 410 403 ut
445 358 723 422 explerem,
759 362 979 420 sumptus
1016 353 1079 402 ad
1107 357 1447 405 maturandam
1483 356 1748 406 editionem
1783 359 1993 406 ornatis-

185 438 296 487 simi
333 439 464 488 cives
498 441 793 504 Augustani,
829 440 900 486 Io.
939 437 1178 501 Georgius
1214 440 1576 503 Oesterricher,
1612 459 1663 507 p.
1688 458 1750 488 m.
1786 441 1993 490 Ioannes

183 522 470 587 Huep-her,
507 532 557 572 et
593 524 925 586 Vuolfgangus
960 522 1243 585 Emekofer‚
1281 526 1675 591 suppeditarunt.
1749 542 1872 589 quos
1906 525 1994 572 ho-

181 606 318 654 noris
354 624 498 655 causa
533 607 766 656 nomino:
802 614 861 656 ut
896 623 1065 657 eorum
1100 609 1335 674 exemplis
1371 609 1458 657 alii
1492 610 1556 658 ad
1589 609 1813 658 similiter
1851 610 1995 674 Reip.

181 690 426 739 literar-iae
470 707 614 756 opem
659 691 910 742 ferendam
954 692 1248 741 allactentur
1295 699 1345 740 et
1392 692 1688 744 invitentur.
1769 695 1837 742 De
1886 694 1994 742 aliis

179 773 250 822 sic
271 774 476 836 habet05
514 775 812 841 Procopium
846 775 1077 840 Agathias
1118 772 1322 842 ῥήτορα,
1357 776 1532 825 suidas
1567 775 1812 843 σοφιστήν
1849 779 1994 827 etiam

179 859 419 923 appellat:
456 876 580 924 quae
616 860 690 911 sic
726 860 1121 924 distinguuntur,
1156 868 1213 909 ut
1245 860 1332 908 ille
1366 861 1431 909 sit
1472 868 1663 923 orator,
1702 862 1788 926 qui
1824 880 1994 912 causas

176 943 230 991 in
269 945 531 1007 concione,
566 944 622 992 in
657 946 792 1008 foro,
842 945 895 993 in
930 953 1103 994 senatu
1137 945 1258 1009 agit3
1308 943 1392 993 hic
1425 944 1613 992 Latinis
1644 946 1855 1009 Rhetor,
1905 948 1994 1012 qui

175 1026 231 1075 in
277 1027 460 1077 scholis
499 1029 651 1078 docet
705 1037 862 1077 artem
910 1029 1192 1081 oratoriam.
1237 1053 1309 1066 —-
1354 1024 1426 1066 ...‘.
1496 1029 1646 1090 Quod
1703 1031 1746 1079 si
1805 1031 1992 1081 tirones

175 1128 374 1178 quoque
409 1114 622 1162 Graecae
656 1113 855 1177 linguae
890 1112 1054 1161 autori
1087 1112 1206 1160 huic
1255 1111 1488 1176 legendo,
1542 1121 1749 1180 propter
1783 1122 1834 1163 et
1866 1116 1994 1163 faci-

173 1197 359 1246 litatem
399 1205 449 1247 et
482 1198 901 1265 perspicuitatem,
939 1197 1061 1262 quid
1093 1195 1331 1262 temporis
1362 1197 1538 1246 volent
1573 1198 1812 1257 t1·ibuere;
1849 1217 1993 1265 prae-

170 1289 251 1331 ter
283 1299 453 1331 rerum
484 1283 709 1346 noticias,
743 1282 914 1331 modos
949 1281 1188 1347 loquendi
1223 1281 1559 1347 elegantiores,
1594 1291 1643 1332 et
1672 1285 1991 1349 synonymiae

172 1367 395 1431 exempla
426 1366 482 1417 in
514 1366 628 1433 ipso
665 1383 769 1415 non
803 1383 964 1432 pauca
1003 1366 1265 1431 reperient.
1338 1366 1627 1417 Cuiusmodi
1657 1376 1774 1417 sunt
1803 1366 1987 1432 ἇλιεύς,

170 1446 467 1514 ἆσπαλιεῦς,
515 1447 744 1518 romnis,
792 1446 1121 1517 σαγηνευτής,
1179 1452 1439 1515 piscator:
1486 1449 1714 1520 ἅῤῥιχος,
1761 1449 1988 1518 κόφινος,

165 1532 359 1603 ταρπή,
392 1544 595 1600 sporta:
631 1531 826 1602 εἱρκτῆ,
864 1529 1232 1599 δεσμωτήριον,
1279 1530 1558 1601 δωμάτιον,
1593 1533 1857 1606 φρούριον,
1894 1558 1989 1602 φυ-

165 1617 323 1686 λακῆ,
376 1637 569 1668 carcer.-
620 1617 650 1670 ἆ
695 1622 787 1684 τῆς
831 1618 1026 1684 εἱρκτῆς
1072 1613 1268 1683 ἅρχων,
1313 1617 1341 1671 ὅ
1387 1623 1478 1670 τοῦ
1522 1622 1768 1689 φρουρίου
1806 1619 1986 1687 ἅρχων,

167 1706 386 1752 carceris
422 1706 658 1769 princeps
668 1722 686 1764 ‚-
733 1703 820 1768 qui
868 1703 1042 1752 Genea.
1076 1705 1161 1756 39.
1207 1697 1634 1769 ἅρχιδεσμοφύλαξ
1681 1705 1888 1770 dicitur,
1937 1714 1988 1754 et

167 1806 280 1855 cap.
317 1788 401 1842 40.
439 1783 830 1856 ἆρχιδεσμοότης,
876 1787 1097 1836 Luciano
1142 1784 1174 1838 ὁ
1218 1785 1301 1838 ἐπὶ
1346 1789 1555 1854 δεσμῶν.
1627 1790 1698 1839 De
1732 1807 1832 1855 quo
1868 1790 1984 1839 alibi

167 1872 261 1924 erit
295 1872 604 1923 commodior
639 1871 837 1923 dicendi
870 1871 1042 1936 locus,
1079 1887 1231 1937 quare
1265 1888 1402 1923 nunc
1436 1873 1619 1924 desino·
