2254 3814
327 165 452 225 454
1074 166 1408 221 PROCOPII

324 329 465 378 μενοι
493 304 813 380 ἀμφιβόλους
838 306 890 359 ἓν
914 310 979 377 τῇ
1003 301 1285 375 παρατάξει
1311 306 1433 368 τοὺς
1461 305 1620 377 ἐκείνῃ
1639 305 1982 374 ταττομένους
2008 305 2158 377 ποιή-

326 415 532 448 σωνται.
595 394 647 453 ἐς
669 391 724 444 δὲ
749 396 840 444 τοῖ
864 387 1050 444 κύκλου
1077 390 1136 444 τὸ
1162 387 1454 460 λειπόμενον
1476 390 1596 445 ὅλον
1623 388 1893 454 ἀντιτάξας
1914 391 1973 444 τὸ
1997 391 2160 462 στρά-

326 500 516 546 τευμα,
562 475 731 544 ἐπειδὴ
762 475 932 529 αὐτῶν
964 475 1086 538 τοὺς
1109 476 1329 539 πολλοὺς
1357 474 1453 530 εἶδε
1483 475 1869 547 πεφοβημένους
1895 497 1948 529 τε
1976 478 2059 529 καὶ
2084 477 2155 545 μὴ

266 572 305 615 Β
334 566 695 631 θαρσοῦντας,
754 560 840 613 διὰ
874 560 939 613 τὰ
974 561 1026 623 ἐς
1063 562 1236 632 Αῗγᾶν
1273 582 1327 615 τε
1361 562 1445 614 καὶ
1477 559 1742 633 Ῥουφῖνον
1778 561 2155 628 ξυνενεχθέντα,

325 644 638 714 βουλόμενος
689 641 975 714 ὖπόμνησιν
1027 645 1206 709 αὐτοῖς
1251 642 1572 716 ποιήσασθαι
1614 651 1708 700 τοῦ
1757 651 1975 717 θαρσεῖν
2030 645 2200 709 ἔλεξεό

327 727 500 785 τοιάδε

499 855 515 880 ,
522 812 750 884 ,Ἄνδρες
775 814 825 867 οἳ
849 815 1134 888 Βελισαρίῳ
1161 809 1651 886 ξυστρατευσᾶμενοι
1665 854 1682 880 ,
1707 815 1885 883 μηδεὶς
1904 811 2040 882 ὗμᾶς
2061 818 2164 868 τῶν

327 899 531 970 ἀνδρῶν
555 901 714 952 τῶνδε
742 897 904 970 φόβος
927 901 1094 954 εἰσίτω
1106 941 1122 965 ,
1166 902 1326 969 μηδὲ,
1374 903 1417 953 εἲ
1453 896 1784 969 Μαυρούσιοι
1809 898 1941 952 κατὰ
1973 896 2164 968 μυριά-

329 987 425 1047 δας
475 984 618 1037 πέντε
657 985 1016 1054 συνειλεγμένοι
1055 982 1316 1059 Ῥωμαίων
1350 984 1449 1055 ἤδη
1486 985 1826 1038 πεντακοσίων
1859 981 2161 1054 ἐκράτησαν,

329 1074 482 1124 τοῦτο
506 1066 626 1136 ὑμῖν
649 1070 702 1122 ἐν
726 1071 1138 1140 παραδείγματος
1165 1072 1322 1144 μοίρᾳ
1346 1069 1587 1140 γινέσθω.
1650 1066 2163 1135 ἀλλ’ἀναμνήσθητε
2180 1081 2234 1122 10

327 1155 422 1222 μὲν
463 1159 557 1222 τῆς
597 1152 780 1224 ἀρετῆς
819 1159 912 1221 τῆς
946 1153 1192 1225 ὑμετέρας
1202 1195 1220 1222 ,
1265 1155 1579 1224 ἓκλογίζεσθε
1609 1154 1665 1206 δὲ
1695 1150 1763 1215 ὥς
1793 1155 2038 1206 Βανδίλοι
2072 1153 2165 1220 μὲν

330 1239 690 1308 Μαυρουσίων
711 1235 955 1308 ἐκράτουν
967 1280 985 1305 ,
1032 1237 1176 1307 ὑμεῖς
1198 1239 1256 1292 δὲ
1279 1241 1550 1293 Βανδίλων
1570 1237 1760 1291 ἀκονιτὶ
1787 1234 1950 1308 κύριοι
1974 1243 2046 1311 τῷ
2070 1259 2167 1290 πο-

330 1318 469 1396 λέμῳ
508 1323 808 1392 γεγένησθε,
853 1325 938 1376 καὶ
973 1321 1043 1386 ὡς
1082 1324 1205 1386 τοὺς
1231 1329 1334 1378 τῶν
1360 1321 1600 1390 μειζόνων
1630 1319 1999 1393 κεκρατηκότας
2026 1321 2167 1391 παρὰ

330 1412 437 1462 τῶν
462 1407 868 1478 καταδεεστέρων
892 1413 1229 1478 πεφοβῆσθαι
1252 1408 1313 1463 οὗ
1340 1411 1552 1462 δίκαιον.
1639 1408 1803 1461 καίτοι
1837 1405 2042 1461 πάντων
2074 1407 2167 1461 οἷν-

265 1507 304 1550 c
335 1489 564 1563 θρώπων
597 1492 648 1555 ἒς
685 1492 862 1562 ἀγῶνα
891 1494 1114 1563 πολέμου
1150 1491 1478 1566 φαυλότατον
1501 1490 1625 1546 εἶναι
1648 1495 1790 1546 δοκεῖ
1816 1492 1876 1546 τὸ
1906 1496 2165 1562 Μαυρου-
2183 1505 2236 1550 15

330 1579 455 1632 σίων
479 1576 649 1639 ἔθνος.
735 1579 923 1647 γυμνοί
937 1599 990 1633 τε
1013 1579 1110 1651 γὰρ
1134 1579 1183 1634 οἱ
1209 1580 1438 1633 πλεῖστοί
1458 1579 1551 1632 εἶσι
1573 1579 1655 1631 καὶ
1683 1577 1852 1631 αὐτῶν
1876 1575 1986 1631 ὅσοι
2013 1577 2166 1631 ἀσπί-

329 1664 428 1727 δας
469 1661 668 1730 ἔχουσι,
710 1665 955 1733 βραχείας
991 1685 1047 1717 τε
1086 1661 1280 1727 ταύτας
1319 1666 1402 1718 καὶ
1430 1662 1524 1717 οὔκ
1565 1657 1619 1716 εὖ
1666 1663 2006 1732 πεποιημένας
2047 1662 2167 1716 οὐδὲ

328 1746 664 1802 ἀπωθεῖσθαι
686 1747 752 1799 τὰ
778 1743 1056 1819 προσιόντα
1078 1749 1363 1818 δυναμένας
1389 1748 1780 1819 προβέβληνται.
1870 1750 1954 1801 καὶ
1979 1747 2044 1801 τὰ
2071 1745 2164 1801 δύο

327 1838 495 1887 ταῦτα
522 1829 736 1902 δοράτια
765 1832 1175 1906 ἀπορρίψαντες,
1220 1833 1284 1904 ἢν
1304 1831 1378 1903 μή
1405 1855 1452 1887 τι
1478 1830 1764 1904 δράσωσιν,
1811 1830 2092 1901 αὐτόματοι
2117 1834 2167 1895 ἔς

329 1917 496 1989 φυγὴν
534 1917 820 1989 τρέπονται.
912 1918 1041 1973 ὥστε
1083 1917 1325 1990 πάρεστιν
1362 1916 1483 1986 ὑμῖν
1508 1917 1602 1986 τὴν
1634 1914 1841 1989 πρώτην
1871 1918 2165 1989 φυλαξαμέ-

330 2023 437 2064 νοις
463 2007 566 2056 τῶν
589 1999 874 2073 βαρβάρων
901 2000 1064 2074 ὅρμὴν
1086 2004 1358 2058 ἀνελέσθαι
1384 2002 1550 2057 οὐδενὶ
1577 2000 1716 2076 πόνῳ
1738 2002 1797 2056 τὸ
1822 2009 1914 2056 τοῦ
1941 2003 2166 2070 πολέμου

331 2083 533 2159 κράτος.
622 2092 714 2154 τῆς
754 2088 811 2141 δὲ
844 2085 1092 2160 ὑμετέρας
1129 2087 1374 2152 ὅπλίσεως
1410 2082 1583 2158 ἡλίκον
1618 2087 1746 2160 πρὸς
1769 2087 1890 2150 τοὺς
1914 2089 2171 2151 ἐναντίους

451 2264 495 2308 3.
539 2260 603 2318 μή
642 2262 812 2319 sapa]
857 2261 923 2321 μὴ
961 2279 1044 2310 om.
1081 2266 1188 2309 Hm
1231 2264 1344 2308 unde
1383 2262 1715 2335 ῥᾳθυμοῦντας
1752 2267 1828 2307 aut
1867 2259 2171 2319 ἀθυμοῦντας

453 2319 631 2363 coniicit
657 2321 954 2366 Hoeschelius.
1127 2322 1169 2366 7.
1207 2322 1672 2378 ξυστρατευσαμενοι]
1705 2320 2172 2379 ξυνστρατευσάμενοι

452 2376 549 2420 HL.
691 2380 760 2422 12.
792 2375 999 2435 ἀκονιτὶ]
1033 2376 1191 2425 ἀκοντὶ
1222 2381 1328 2424 HL:
1359 2380 1420 2425 ἴσ.
1449 2376 1627 2425 ἀκονιτὶ
1656 2380 1752 2423 Hm.
1891 2381 1959 2424 13.
1990 2381 2169 2436 γεγένη-

452 2437 540 2477 σθε
570 2433 620 2476 L.
675 2434 911 2491 γεγένεσθε
941 2438 997 2481 Η.
1053 2434 1263 2492 ἐγένεσθε
1291 2439 1342 2480 Ρ.
1488 2438 1595 2480 ibid.
1623 2434 1749 2492 παροὶ
1778 2436 1876 2478 Hm.
1937 2437 2041 2491 περὶ
2074 2440 2167 2481 ΗΡ.

452 2493 523 2536 16.
553 2491 601 2536 οὶ
625 2494 851 2550 πλεῖστοι]
885 2492 931 2538 οὶ
959 2507 1039 2538 om.
1069 2495 1121 2539 L.
1235 2496 1305 2540 18.
1330 2492 1691 2554 προβέβληνται]
1717 2493 2023 2552 προβέβληται
2050 2496 2102 2538 L.

333 2662 660 2713 converterent,
704 2676 862 2718 eosque
899 2662 1234 2719 interciperent,
1276 2662 1478 2719 utrinque
1505 2662 1604 2706 telis
1632 2661 1840 2706 obnoxios
1877 2662 1923 2705 in
1950 2662 2168 2716 conflictu,

333 2727 441 2770 quos
463 2715 521 2758 ibi
550 2716 643 2771 ipse
673 2719 938 2763 collocasset.
1001 2721 1197 2763 Coronae
1224 2719 1420 2776 reliquae
1444 2720 1604 2763 obiecit
1631 2720 1778 2788 copias
1807 2732 1972 2763 omnesz
1999 2721 2042 2762 in
2072 2721 2170 2775 qui-

333 2771 413 2813 bus
444 2773 592 2816 multos
632 2775 971 2820 animadvertens
1001 2776 1178 2833 Aiganis
1219 2782 1267 2820 et
1293 2776 1438 2820 Rufini
1467 2790 1569 2820 casu
1595 2782 1799 2829 terrum,
1849 2790 1902 2819 ac
1928 2776 2011 2820 sibi
2051 2777 2169 2820 diffi-

335 2827 502 2879 dentes,
532 2836 580 2872 ut
608 2833 902 2876 commonendo
931 2834 1143 2877 relevaret
1170 2835 1349 2886 animos,
1378 2834 1571 2877 oratione
1598 2834 1680 2876 hac
1707 2846 1812 2876 usus
1841 2838 1924 2876 est.

448 2887 655 2929 Belisarii
687 2890 733 2930 in
755 2891 862 2932 bello
896 2892 1084 2943 comites,
1112 2893 1244 2934 nolite
1266 2891 1370 2934 istos
1390 2892 1564 2943 timere,
1603 2905 1740 2946 neque
1759 2891 1803 2932 in
1834 2891 2069 2946 exemplum
2090 2896 2170 2934 avit

327 2942 642 2997 praeiudicium
668 2947 889 2989 victoriam
911 2949 1108 3002 trahere,
1149 2963 1278 3004 quam
1297 2949 1422 2990 modo
1457 2948 1775 3004 quinquaginta
1798 2948 2047 2990 Maurorum
2070 2950 2170 2990 mil-

334 2999 398 3039 lia
422 3013 446 3040 e
470 3001 716 3056 quingentis
739 3005 944 3046 Romanis
960 3007 1212 3048 retulerunt.
1273 3006 1360 3048 Sed
1383 3005 1556 3047 virtutis
1580 3018 1783 3047 memores
1804 3011 1988 3056 vestrae,
2026 3006 2074 3048 id
2098 3020 2169 3047 oo-

333 3055 477 3111 gitate
491 3089 504 3106 ‚
552 3060 798 3102 Maurorum
819 3063 1002 3104 victores
1033 3062 1276 3115 Vandalus,
1305 3077 1335 3104 α
1357 3063 1474 3104 vobis
1493 3063 1583 3104 siue
1602 3062 1780 3116 pulvere
1804 3075 1854 3104 ae
1874 3063 2027 3104 sudore
2050 3063 2171 3105 devi-

335 3119 448 3164 ctos,
479 3114 524 3155 in
544 3115 609 3156 ius
632 3123 673 3158 et
690 3124 947 3170 potestatem
971 3126 1158 3162 vestram
1180 3120 1372 3170 venisse,
1403 3133 1478 3161 nee
1500 3123 1826 3161 consentaneum
1850 3133 1938 3162 esse
1952 3150 1966 3171 ‚
2009 3126 2058 3163 ut
2070 3124 2170 3174 for-

333 3169 489 3212 tiorum
515 3171 742 3215 domitores
774 3175 828 3215 ab
857 3176 1158 3229 infirmioribus
1182 3182 1441 3219 terrcantur.
1490 3175 1582 3218 Nee
1612 3188 1712 3216 vero
1735 3177 1827 3217 ulla
1853 3183 1914 3219 est
1933 3178 2052 3219 natio
2076 3184 2170 3220 tam

333 3228 448 3270 male
466 3229 524 3270 ud
545 3229 833 3273 dimicandum
857 3239 1134 3286 comparata,
1175 3247 1306 3288 quam
1330 3232 1492 3274 Mauri.
1551 3231 1674 3274 Nudi
1701 3234 1811 3275 em'm
1830 3235 2023 3289 plerique
2043 3240 2167 3276 suut.-

333 3298 410 3326 nee
432 3287 655 3340 qnisquam
686 3294 849 3329 scutum
874 3290 1018 3344 gerit,
1061 3290 1145 3331 nisi
1176 3290 1406 3332 admodum
1431 3289 1582 3340 breve,
1622 3291 1736 3332 male
1761 3298 2048 3346 compactum,
2090 3305 2168 3332 nee

335 3342 563 3384 missilibus
597 3345 853 3398 repellendis
882 3346 1096 3387 idoneum.
1155 3347 1250 3388 Duo
1284 3352 1444 3401 gerunt
1475 3347 1639 3400 spicula
1650 3361 1667 3396 ,-
1707 3349 1857 3402 quibus
1891 3349 2086 3399 intortis,
2130 3348 2168 3389 si

325 3401 497 3450 frustra
518 3402 714 3454 fuerint‚.
729 3403 874 3444 statim
898 3417 943 3444 se
966 3403 1011 3444 in
1025 3406 1186 3459 sugam
1213 3403 1466 3445 coniiciunt:
1504 3403 1569 3445 ita
1592 3409 1656 3455 ut,
1697 3405 1771 3446 ubi
1787 3405 1970 3460 primum
1994 3405 2168 3447 Barba-

335 3468 476 3500 rorum
501 3457 702 3513 impet-um
730 3460 992 3515 cluserimus,
1024 3467 1142 3504 certa
1166 3474 1218 3502 ac
1234 3460 1385 3515 facilis
1406 3473 1481 3502 nos
1499 3460 1678 3503 victoria
1699 3469 1886 3506 maneat.
1946 3463 2063 3506 Satis
2088 3475 2166 3504 au·
2252 3497 2254 3530 4

2252 3531 2254 3601 *
