2254 3814
340 154 472 214 *464
736 199 741 207 Δ
880 198 883 202 ,
1091 155 1427 211 PROCOPII

345 295 686 372 ἀπορούμενοι
720 295 1003 367 ξύμπαντες
1034 295 1287 367 ἔστησαν,
1332 302 1425 351 τοῦ
1459 296 1695 351 πλείστου
1736 302 1828 365 τῆς
1861 294 2034 366 ἲσχῦος
2070 298 2170 367 ἤδη

336 385 733 453 δαπανηθέντος
755 386 898 454 σφίσι
922 389 987 455 τῇ
1009 389 1102 438 τοῦ
1123 382 1314 445 ὕδατος
1339 384 1604 457 ἐπιθυμίᾳ.
1679 382 1757 436 διὸ
1785 383 1848 451 δὴ
1869 381 2077 450 Ἰάβδας
2098 388 2173 455 τῷ

334 470 525 543 ’Ἀλθιά
564 471 615 530 ἒς
644 466 826 536 λόγους
858 468 995 537 ἥκων
1034 470 1094 522 τὸ
1134 465 1460 540 τριτημόριόν
1503 469 1552 522 οἱ
1588 465 1768 522 δώσειν
1810 465 2054 537 ὡμολόγει
2082 472 2176 535 τῆς

334 557 509 618 λείας,
559 554 644 624 ἐφ’
681 547 722 626 ᾧ
749 555 812 622 δὴ
843 551 1171 624 Μαυρούσιοι
1193 555 1372 607 πίωσιν
1394 553 1625 616 ἅπαντες.
1713 551 1739 607 ὅ
1778 554 1834 606 δὲ
1858 552 1946 606 τὸν
1969 554 2061 619 μὲν
2086 549 2178 605 λό-

344 661 432 709 γον
471 638 765 706 ἐνδέχεσθαι
797 638 998 708 οὐδαμῆ
1035 638 1222 707 ἤθελε,
1265 646 1572 707 μονομαχεῖν
1603 638 1659 691 δὲ
1690 637 1818 709 πρὸς
1856 636 2014 691 αῧτόν
2050 635 2218 708 ὖπέρό

282 733 323 775 D
353 721 547 778 τούτων
573 725 735 792 ἠξίου.
821 730 913 777 τοῦ
949 745 1004 777 τε
1022 722 1202 791 Ἰάβδα
1234 722 1427 793 ταύτην
1460 723 1524 792 δὴ
1548 723 1818 791 δεξαμένου
1840 723 1933 792 τὴν
1955 720 2182 792 πρόκλη-

174 820 216 861 V
244 818 329 862 406
358 830 466 875 σιν,
516 810 760 872 ξυνέκειτο
810 807 1161 879 ἡσσηθέντος,
1207 807 1271 862 ἃν
1314 807 1449 863 οὕτω
1486 805 1646 880 τύχῃ,
1692 814 1784 862 τοῦ
1809 808 1990 861 Ἀλθία
2017 810 2182 861 Μαυ-

352 895 588 966 ρουσιόυς
624 903 768 948 πιεῖν.
856 893 1026 966 ἔχαιρέ
1062 917 1115 948 τε
1155 892 1290 957 ἅπας
1329 892 1356 948 ὃ
1404 900 1508 948 τῶν
1546 895 1900 964 Μαυρουσίων
1940 892 2178 963 στρατὸς,

354 980 603 1041 εὐέλπιδες
642 979 810 1046 ὄντες,
859 982 962 1033 ἐπεὶ
993 980 1208 1042 Ἀλθιάς
1245 981 1338 1047 μὲν
1377 976 1546 1049 ἰσχνός
1579 1000 1633 1032 τε
1665 974 1728 1048 ἦν
1750 981 1834 1032 καὶ
1860 977 1917 1032 οὗ
1941 979 2099 1047 μέγας
2124 976 2183 1030 τὸ

354 1071 504 1133 σῶμα
517 1106 533 1131 ,
573 1061 784 1133 Ἰάβδας
819 1067 874 1118 δὲ
912 1063 1180 1127 κάλλιστός
1217 1087 1271 1118 τε
1311 1059 1374 1133 ἦν
1418 1067 1501 1117 καὶ
1537 1060 1899 1132 μαχιμώτατος
1923 1067 2224 1132 Μαυρου-1

355 1152 478 1204 σίων
522 1148 779 1205 ἁπάντων.
866 1149 1023 1221 ἄμφω
1060 1152 1152 1218 μὲν
1187 1145 1276 1203 οὖν
1317 1150 1479 1212 ἱππεῖς
1516 1147 1788 1218 ἐτύγχανον
1828 1147 1980 1209 ὄντες.
2071 1145 2097 1201 ὃ
2131 1148 2187 1200 δὲ

183 1249 219 1291 Ρ
247 1249 332 1292 266
356 1234 562 1301 Ἰάβδας
602 1236 660 1289 τὸ
700 1232 937 1305 δοράτιον
970 1233 1201 1304 ἠκόντισε
1231 1240 1463 1304 πρῶτος,
1510 1227 1666 1303 οὗπερ
1681 1233 1894 1295 Ἀλθίας
1918 1231 1999 1285 ἐπ’
2030 1232 2186 1286 αὐτὸν

355 1319 524 1382 ἰόντος
554 1322 683 1389 χειρὶ
725 1321 984 1386 λαβέσθαι
1020 1325 1084 1390 τῇ
1128 1322 1267 1394 δεξιᾷ
1301 1319 1443 1390 παρὰ
1475 1317 1628 1382 δόξαν
1657 1316 1869 1387 ἰσχύσας
1902 1315 2109 1383 Ἰάβδαν
2132 1338 2187 1371 τε

354 1408 439 1460 καὶ
466 1405 587 1466 τοὺς
615 1408 885 1472 πολεμίους
907 1405 1197 1472 κατέπληξε.
1285 1410 1350 1476 τῇ
1388 1406 1444 1458 δὲ
1477 1409 1596 1478 λαιᾷ
1621 1406 1749 1475 χειρὶ
1774 1404 1833 1457 τὸ
1858 1400 2006 1466 τόξον
2033 1403 2189 1456 emi-
2236 1470 2238 1478 Ι

356 1512 451 1553 νας
477 1490 659 1543 αὐτίκα
675 1531 692 1556 ,
734 1491 835 1544 ἐπεὶ
863 1490 1160 1560 ἀμφιδέξιος
1184 1484 1265 1558 ἦν,
1309 1490 1398 1544 τὸν
1416 1487 1595 1557 Ἰάβδα
1614 1492 1772 1543 ἵππον
1792 1488 1968 1557 βαλών
1991 1487 2184 1542 ἔκτεινε.
2205 1501 2228 1547 1

356 1573 601 1638 πεσόντος
639 1597 693 1628 τε
733 1576 895 1629 αὐτοῦ
924 1578 1081 1629 ἵππον
1123 1576 1294 1645 ἕτερον
1330 1580 1404 1647 τῷ
1438 1574 1644 1644 ι’ἱρχοντι
1681 1571 2007 1643 Μαυρούσιοι
2046 1567 2189 1643 ἦγον,
2242 1588 2246 1596 ’

357 1661 444 1733 ἐφ’
483 1660 541 1715 ὃν
577 1661 854 1730 ἀναθορὼν
886 1658 1094 1727 Ἰάβδας
1129 1660 1288 1723 εὐθὺς
1328 1659 1530 1732 ἔφευγε·
1577 1662 1665 1714 καί
1697 1660 1746 1714 οἶ
1768 1658 1944 1733 κόσμῳ
1971 1658 2136 1712 οὐδενὶ
2164 1655 2191 1711 ὅ
2246 1703 2247 1706 ,

356 1753 459 1802 τῶν
485 1748 842 1818 Μαυρουσίων
871 1746 1092 1817 στρατὸς
1115 1747 1293 1800 εἵπετο.
1385 1745 1412 1800 ὅ
1448 1767 1503 1800 τε
1529 1745 1743 1808 :analag
1774 1742 1895 1807 τούς
1920 1765 1974 1797 τε
2003 1744 2194 1812 αἰχμα-

293 1845 331 1887 Β
360 1830 556 1894 λώτους
595 1834 678 1884 καὶ
714 1832 807 1901 τὴν
841 1834 978 1885 λείαν
1016 1829 1328 1903 ἀφελόμενος
1362 1828 1637 1900 ξύμπασαν
1674 1829 1838 1899 ὄνομα
1860 1829 1989 1900 μέγα
2013 1831 2072 1883 ’ἐκ
2099 1833 2192 1883 τοῦ
2240 1890 2247 1905 ⁴

358 1918 506 1988 ἔργου
543 1914 730 1971 τούτου
769 1917 869 1971 ἀνὰ
910 1922 1081 1971 πᾶσαν
1119 1913 1335 1987 Λιβύην
1370 1915 1498 1986 ἴσχε.
1587 1921 1753 1971 ταῦτα
1798 1916 1891 1985 μὲν
1933 1909 2024 1969 οὖν
2069 1916 2189 1987 τῇδε
2226 1979 2235 1986 ¹

359 2001 600 2075 ἐχώρησε.
2240 1987 2246 2042 f

531 2083 778 2154 Σολόμων
819 2088 874 2140 δὲ
912 2087 965 2139 ἓν
1004 2084 1300 2158 Καρχηδόνι
1342 2086 1510 2157 ὀλίγον
1548 2086 1662 2141 τινὰ
1690 2085 1968 2156 διατρίψας
1988 2081 2193 2157 χρόνον,
2237 2093 2245 2106 ”

352 2173 446 2229 ,ἐπί
473 2194 527 2227 τε
561 2171 682 2243 ὄρος
725 2171 784 2225 τὸ
807 2170 1078 2243 Αὗράσιον
1107 2176 1190 2226 καὶ
1205 2171 1415 2241 Ἰάβδαν
1448 2173 1597 2244 ἐπῆγε
1622 2172 1681 2226 τὸ
1712 2168 2034 2243 στράτευμα,
2079 2171 2195 2226 ἐπε·
2243 2174 2249 2234 J

475 2283 518 2325 6.
543 2278 727 2335 Ἰοἱβὸα]
762 2278 907 2325 ἰαῦδα
936 2281 1001 2332 L,
1031 2285 1076 2323 et
1103 2279 1299 2324 similiter
1326 2281 1454 2324 infra.
1626 2281 1696 2325 13.
1729 2277 1911 2334 ἰόντος]
1944 2276 2063 2323 ἰόντι
2091 2277 2196 2320 HL=
2238 2305 2243 2315 ·

476 2338 579 2379 illud
610 2338 704 2379 Hm.
883 2341 950 2383 16.
990 2337 1319 2396 Μαυρούσιοι]
1347 2336 1648 2396 μαυρουσίων
1675 2337 1727 2381 L.
1898 2337 1966 2382 17.
2010 2367 2043 2389 ,,
2056 2333 2196 2392 ἔφυγε
2240 2375 2242 2380 ,

473 2395 626 2451 Reg.“
656 2394 732 2437 Sic
759 2395 896 2441 LHm.
955 2394 1118 2453 ἔφευγε
1140 2397 1239 2440 ΗΡ.

362 2507 529 2544 omnes,
570 2492 709 2548 ignari
738 2507 822 2550 quo
860 2508 907 2537 se
934 2499 1180 2547 verterent,
1220 2493 1439 2538 exhaustis
1474 2493 1558 2537 iam
1598 2507 1735 2550 aquae
1765 2490 1976 2536 desiderio
2016 2489 2195 2534 viribus.
2240 2490 2246 2507 '

363 2550 580 2602 Quocirca
608 2551 765 2593 [abdas
794 2565 888 2594 cum
917 2552 1061 2595 Althia
1088 2552 1348 2604 collocutus,
1378 2551 1548 2595 tertiam
1578 2551 1765 2608 praedae
1793 2554 1955 2607 partem
1984 2549 2066 2605 ipsi
2098 2563 2199 2604 pro-

361 2607 491 2658 misit,
521 2607 557 2649 si
588 2607 750 2650 Mauris
780 2609 969 2651 omnibus
999 2623 1137 2666 aquae
1169 2609 1294 2666 copia
1322 2609 1462 2652 fieret.
1519 2608 1682 2651 Renuit
1707 2607 1797 2659 ille,
1824 2621 1960 2661 neque
1989 2605 2115 2648 aliter
2144 2619 2196 2648 ea

363 2664 420 2707 de
447 2678 511 2716 re,
540 2664 622 2706 nisi
652 2665 858 2720 singulari
889 2667 1137 2717 certamine,
1167 2665 1370 2710 decidere
1398 2680 1492 2709 cum
1521 2666 1616 2720 ipso
1646 2663 1794 2708 voluit.
1855 2663 2066 2706 Probante
2095 2661 2199 2704 lab·

363 2722 420 2764 da
449 2721 819 2777 provocationem,
850 2723 1076 2779 convenit,
1107 2730 1184 2776 ut,
1223 2723 1261 2768 si
1289 2724 1406 2767 forte
1435 2722 1601 2779 Althias
1630 2721 1896 2773 vinceretur,
1937 2719 2103 2762 Mauris
2132 2718 2200 2761 bi-
2232 2741 2234 2766 f

364 2778 494 2821 bendi
522 2784 714 2834 potestas
737 2785 871 2822 esset:
902 2779 1071 2824 laetitia
1100 2779 1250 2838 gestiit
1277 2781 1502 2824 universus
1531 2794 1672 2823 eorum
1702 2778 1928 2825 exercitus,
1957 2776 2121 2819 obiecta
2146 2789 2199 2819 ex
2222 2827 2229 2839 (¹

364 2851 418 2880 eo
461 2849 562 2890 spe,
609 2836 725 2890 quod
765 2851 946 2892 corpore
974 2843 1090 2881 esset
1129 2838 1296 2882 Althias
1335 2836 1488 2894 gracili
1526 2836 1798 2893 modicoque:
1841 2833 2005 2882 Iabdas
2035 2833 2227 2876 Mauris·

364 2893 556 2936 omnibus
584 2892 796 2948 dignitate
823 2895 984 2938 formae
1018 2900 1062 2939 et
1084 2895 1303 2952 pugnandi
1332 2894 1376 2938 vi
1404 2893 1692 2938 antecelleret.
1751 2892 1870 2950 Ergo
1899 2889 1943 2932 in
1963 2890 2082 2946 equis
2111 2905 2201 2934 arn-

365 2951 423 2994 bo
453 2949 681 3005 prodeunt.
739 2949 909 2993 Hastile
938 2951 1094 2995 labdas
1135 2953 1310 2996 vibrare
1339 2957 1545 3009 occupat=
1592 2951 1638 2995 id
1666 2949 1842 2993 veniens
1871 2961 1991 2990 manu
2020 2947 2200 2991 dextera.

366 3006 534 3050 Althias
563 3010 737 3062 praeter
766 3007 1005 3061 opinionem
1034 3009 1216 3052 omnium
1245 3008 1418 3066 arripit,
1448 3023 1584 3064 eoque
1610 3009 1728 3051 facto
1757 3005 1930 3049 labdam
1960 3010 2091 3061 atque
2121 3005 2204 3048 ho-

365 3070 464 3108 stes.
485 3063 692 3118 percellit.
763 3063 871 3107 Mox
899 3079 1001 3107 arcu
1030 3066 1217 3109 adducto
1246 3066 1398 3118 laeva,
1439 3079 1523 3122 qua
1553 3063 1729 3121 perinde
1756 3069 1804 3105 ut
1841 3062 2018 3104 dextera
2049 3062 2203 3104 uteba·

364 3129 451 3174 tur,
480 3119 640 3162 Iabdae
664 3133 812 3176 equum
838 3122 1016 3176 configit
1037 3136 1087 3164 ac
1109 3127 1245 3166 necat.
1303 3123 1401 3167 Hoc
1429 3126 1582 3173 strato,
1609 3122 1784 3163 alterum
1814 3118 1954 3163 Mauri
1975 3117 2200 3162 admovent

365 3193 442 3221 suo
482 3175 688 3234 principit
735 3177 808 3232 qui
837 3177 960 3220 simul
988 3179 1123 3233 ipsum
1152 3181 1427 3232 conscendit,
1469 3177 1662 3234 aufugit,
1691 3184 1897 3234 sequente
1925 3176 2201 3232 incomposito

366 3237 609 3279 Maurorum
640 3234 843 3276 exercitu.
903 3235 1085 3286 Althias‚
1127 3237 1312 3291 captivis
1339 3250 1434 3280 cum
1463 3235 1575 3279 omni
1604 3234 1766 3291 praeda
1795 3233 1998 3290 receptis,
2031 3232 2102 3274 illo
2130 3232 2200 3277 fa·
2226 3254 2227 3258 ¹

366 3293 514 3336 cinore
543 3305 737 3347 magnum
765 3305 846 3348 per
876 3295 1007 3335 totam
1045 3291 1235 3336 Africam
1263 3292 1349 3335 sibi
1378 3306 1527 3336 nomen
1562 3292 1750 3349 paravit.
1818 3291 1887 3334 Ita
1915 3304 1984 3333 res
2013 3288 2073 3332 ibi
2102 3302 2198 3332 suc·

369 3350 513 3393 cessit.
2152 3389 2155 3392 ,

483 3407 682 3450 Salomon
710 3409 850 3450 autem
871 3404 1137 3460 Carthagine
1165 3409 1352 3448 moratus
1379 3404 1701 3463 aliquantisper,
1729 3409 1909 3448 montem
1937 3416 2084 3447 versus
2113 3404 2201 3445 Au-

362 3465 529 3510 -rasium
552 3469 704 3508 contra
722 3462 898 3508 Iabdam
925 3462 1072 3520 copias
1099 3463 1242 3517 duxit,
1266 3477 1361 3507 eum
1386 3462 1644 3518 insimulans,
1674 3477 1752 3507 nec
1782 3462 1908 3517 falso,
1939 3460 2069 3519 quod,
2100 3459 2199 3502 dum
