2184 3822
226 188 306 244 92
971 190 1302 246 PROCOPII

222 325 428 400 γνώμης
452 330 643 386 ἐθέλων
688 332 886 403 (ταῦτα
910 328 1008 402 γάρ
1038 331 1086 385 οἷ
1108 333 1192 386 καὶ
1210 329 1510 404 Ἑρμογένης
1539 329 1797 403 ἐγίνωσκεν
1825 334 1939 405 ἄρτι
1966 337 2046 389 ἐπὶ

220 419 462 490 πρεσβεία
493 418 557 470 ’ἐκ
588 416 838 484 βασιλέως
872 413 1043 487 ἥκων)
1100 417 1223 480 τοὺς
1257 418 1694 490 παραγενομένους
1737 421 2046 488 ξυγκαλέσας

156 514 193 556 C
223 500 455 562 ἅπαντας
498 500 625 564 ἔλεξε
671 498 843 554 τοιάδε
896 542 935 567 „
951 505 1064 554 Ποῖ
1102 503 1351 574 φέρεσθε,
1399 502 1579 574 ἄνδρες
1611 501 1878 571 Ῥωμαῖοι,
1925 505 1956 575 ἢ
1993 507 2049 559 τί

215 584 528 647 πεπονθότες
567 586 799 638 κίνδυνον
841 586 1100 656 αἱρεῖσθαι
1133 585 1253 656 ὑμῖν
1291 587 1468 650 αὐτοῖς
1494 588 1585 641 οῧκ
1613 589 1886 658 ἀναγκαῖον
1913 596 2043 658 βου-

215 669 457 738 λεύεσθες
499 671 622 737 μίαν
660 668 783 723 εἶναι
815 671 956 740 νίκην
987 671 1264 742 ἀκίβδηλον
1288 673 1480 726 οἴονται
1504 672 1771 744 ἅνθρωποι
1797 675 1855 728 τὸ
1883 677 2085 743 μηδέν5

215 756 378 809 δεινὸν
416 754 546 823 πρὸς
578 760 681 808 τῶν
715 758 967 824 πολεμίων
1000 763 1216 824 παθεῖν,
1266 756 1388 828 ὅπερ
1418 755 1540 826 ἡμῖν
1565 756 1616 810 ἕν
1648 779 1701 828 γε
1727 765 1800 832 τῷ
1827 758 2045 830 παρόντι

215 840 429 894 δέδωκεν
463 838 497 909 ἣ
537 862 591 894 τε
626 837 755 910 τύχη
787 843 872 894 καὶ
903 839 1051 911 ἡμῶν
1086 843 1146 896 τὸ
1186 845 1514 911 καταπλῆξαν
1549 842 1641 896 τὸν
1683 844 1905 913 στρατὸν
1940 850 2043 898 τῶν

211 924 450 979 ἐναντίων
472 925 601 988 δέος.
662 925 897 996 οὗκοῦνῆ
920 925 1218 981 ἀπόνασθαι
1237 933 1340 981 τῶν
1364 924 1633 998 παρόντων
1659 927 1876 995 ἀγαθῶν
1899 928 2044 996 ἀμει-

208 1033 296 1064 νον
320 1010 353 1080 ἢ
379 1009 708 1081 παρελθόντα
735 1016 902 1065 ταῦτα
929 1014 1106 1081 ζητεῖν.
1153 1013 1354 1084 Πέρσαι
1375 1012 1472 1083 γὰρ
1498 1016 1711 1076 πολλαῖς
1728 1014 1823 1081 μὲν
1852 1015 2042 1068 ἐλπίσιν

205 1096 406 1165 ἠγμένοι
443 1097 523 1148 ἐπὶ
550 1094 830 1165 Ῥωμαίους
866 1095 1236 1169 ἐστράτευσαν,
1285 1095 1491 1201 πάντῖον
1520 1099 1576 1151 δὲ
1599 1103 1758 1154 τανῦν
1786 1100 2042 1153 ἐκπεπτω-
2058 1115 2113 1159 10

207 1179 351 1244 κότες
376 1182 427 1244 ἐς
453 1182 620 1253 φυγὴν
655 1180 935 1251 ὥρμηνται.
1021 1181 1152 1236 ὥστε
1187 1182 1251 1252 ἢν
1287 1182 1382 1251 οὐχ
1415 1180 1626 1245 εκόντας
1662 1182 1852 1246 αὐτοὺς
1882 1206 2044 1251 μετα-

206 1263 497 1333 βάλλεσθαι
529 1268 622 1334 μέν
659 1272 752 1336 τῆς
787 1268 838 1330 ἐς
870 1267 964 1336 τὴν
990 1265 1268 1338 ὑπαγωγὴν
1289 1265 1526 1338 γνώμης,
1567 1270 1620 1330 ἐς
1640 1278 1817 1338 χεῖρας
1841 1270 1896 1322 δὲ
1919 1269 2043 1322 ἰέναι

206 1349 328 1420 ἡμῖν
366 1351 542 1413 αὐτοῖς
575 1349 968 1421 ἀναγκάσωμεν,
1014 1351 1324 1421 νενικηκότες
1360 1353 1457 1422 μὲν
1502 1353 1652 1406 πλέον
1690 1353 1749 1407 τὸ
1796 1351 2042 1424 παράπαν

141 1441 181 1484 D
212 1436 358 1490 οὐδὲν
392 1437 583 1504 ἕξομεν.
672 1438 726 1489 τί
742 1437 840 1506 γὰρ
864 1436 929 1490 ἄν
953 1456 1029 1498 τις
1048 1435 1139 1490 τόν
1160 1457 1214 1507 γε
1239 1435 1493 1509 φεύγοντα
1518 1437 1721 1508 τρέποι,·
1767 1439 2043 1510 σφαλέντες

206 1523 263 1574 δὲ
283 1522 407 1583 ἴσως
430 1526 524 1589 τῆς
549 1542 603 1574 τε
626 1518 958 1591 ὑπαρχούσης
980 1519 1341 1592 στερησόμεθα
1366 1524 1535 1591 νίκης,
1581 1522 1642 1576 οὐ
1665 1523 1795 1594 πρὸς
1817 1529 1919 1578 τῶν
1943 1546 2039 1577 πο-
2055 1541 2110 1584 15
2157 1522 2162 1534 ’

203 1608 389 1674 λεμίων
417 1605 808 1677 ἀφαιρεθέντες,
860 1605 979 1658 ἀλλ’
1012 1605 1160 1661 αὐτοὶ
1183 1604 1376 1677 ταύτην
1401 1607 1698 1678 προέμενοι,
1743 1610 1827 1662 καὶ
1853 1614 1917 1679 τῇ
1939 1615 2042 1676 βα-

202 1691 380 1753 σιλέως
419 1696 484 1762 γῇ
524 1691 583 1744 τὸ
620 1698 728 1752 τοῖς
756 1692 1014 1759 πολεμίοις
1042 1693 1332 1759 ἐκκεῖσθαι,
1379 1698 1485 1747 τῶν
1512 1693 1840 1761 ἀμυνομένων
1863 1696 2037 1763 χωρὶς,

198 1777 259 1830 τὸ
297 1775 475 1830 λοιπὸν
514 1773 764 1843 δώσομεν.
854 1778 1019 1830 καίτοι
1047 1780 1132 1830 καὶ
1162 1783 1315 1831 τοῦτο
1343 1779 1686 1845 ἐνθυμεῖσθαι
1713 1776 1850 1846 ὗμᾶς
1880 1778 2037 1844 ἄξιον,

201 1859 272 1924 ὥς
297 1867 400 1915 τῶν
428 1860 745 1931 ἀναγκαίων,
792 1860 854 1916 οὗ
876 1867 981 1915 τῶν
1002 1861 1327 1934 αὐθαιρέτων
1338 1902 1358 1928 ,
1404 1865 1736 1935 ξυναίρεσθαι
1760 1861 1786 1916 ὃ
1811 1863 1932 1925 θεὸς
1964 1864 2041 1917 ἀεὶ

197 1955 308 2009 τοῖς
342 1943 642 2017 ἀνθρώποις
679 1950 828 2017 φιλεῖ.
910 1948 1071 2016 χωρὶς
1107 1948 1163 2000 δὲ
1200 1944 1397 2001 τούτων
1437 1956 1546 2010 τοῖς
1581 1949 1674 2015 μὲν
1709 1947 1802 2001 οὐκ
1838 1947 2036 2017 ἔχουσιν
2050 1966 2108 2010 20
2148 1947 2153 1954 Α

200 2031 300 2101 ὅπη
321 2030 386 2085 ἂν
406 2040 638 2102 τραπεΐεν
665 2030 1138 2102 ἀνδραγαθίζεσθαι
1159 2032 1253 2102 οὐχ
1276 2030 1522 2095 ἑκουσίοις
1547 2030 1885 2102 ξυμβήσεται,
1915 2031 2037 2103 ἡμῖν

199 2117 257 2170 δὲ
308 2117 475 2171 πολλοὶ
528 2117 594 2170 τὰ
646 2115 999 2186 ἐναντιώματα
1050 2119 1122 2180 εἷς
1163 2118 1256 2187 τὴν
1293 2118 1554 2188 ξυμβολὴν
1585 2116 1854 2188 τετύχηκεν
1891 2116 2031 2174 εἶναι.

310 2295 382 2338 17.
411 2290 648 2339 ἐκκεῖσθαι
677 2293 746 2339 H.·
792 2291 1027 2355 ἐγκεῖσθαι
1054 2295 1190 2340 ΗιιιΡ.
1250 2270 1487 2342 ἐιῖκεῖσθαι
1514 2296 1568 2340 L.
1723 2298 1796 2340 22.
1825 2297 2034 2355 ,,ξυμβο-

309 2349 424 2410 λήν]
453 2352 716 2397 Vocabulum
744 2351 827 2395 hoc
853 2351 1058 2397 substitui
1083 2352 1130 2396 in
1157 2354 1293 2398 locum
1322 2352 1602 2413 ξυμβουλήν.
1614 2356 1647 2380 “
1681 2353 1833 2398 Mam.

198 2506 458 2560 Belisarius,
496 2522 662 2566 eosque
689 2523 718 2551 a
743 2507 967 2565 proposito
998 2523 1181 2552 avocare
1206 2510 1364 2562 vellet,
1401 2509 1458 2554 de
1493 2509 1704 2554 sententia
1732 2509 2034 2566 Hermogenis,

198 2565 271 2619 qui
309 2578 459 2608 recens
499 2567 556 2608 ab
596 2568 793 2622 Augusto
832 2566 1022 2621 Legatus
1063 2574 1270 2620 venerat,
1314 2569 1563 2613 convocatis
1592 2572 1807 2624 quotquot
1836 2568 2032 2620 aderant,

194 2623 260 2664 sic
290 2623 424 2665 verba
450 2621 570 2665 fecit.
596 2660 599 2663 ,
630 2623 747 2675 Quo,
777 2624 987 2677 Romani,
1017 2639 1098 2680 quo
1118 2625 1293 2668 ruitisst
1309 2631 1389 2668 aut
1406 2638 1621 2681 quaenam
1638 2626 1704 2666 vis
1725 2626 1935 2668 mentibus
1955 2639 2032 2668 ve-

194 2680 296 2722 stris
321 2679 495 2729 incidit,
526 2683 575 2721 ut
600 2680 761 2734 praelii
786 2681 1012 2724 discrimen
1033 2683 1202 2724 adeatis
1224 2682 1399 2724 minime
1419 2681 1742 2725 necessarium?
1801 2683 1938 2724 Nemo
1967 2687 2032 2725 est

193 2738 298 2792 quin
318 2738 357 2778 si
374 2736 507 2778 hostis
532 2737 709 2779 recedat
731 2737 952 2791 innoxius,
981 2740 1028 2780 id
1062 2754 1203 2794 purae
1232 2740 1440 2782 victoriae
1467 2741 1557 2782 loco
1589 2745 1746 2795 ponat.-
1776 2740 1890 2795 quod
1915 2745 2030 2782 certe

192 2794 314 2835 nobis
338 2797 524 2846 fortuna
561 2794 650 2835 iam
684 2794 836 2836 tribuit
874 2801 916 2836 et
944 2795 1134 2838 incussus
1162 2797 1400 2840 Barbarion
1432 2797 1639 2839 exercitui
1665 2803 1816 2839 terror.
1879 2796 2030 2840 Satius

190 2854 382 2906 profecto
408 2858 469 2893 est
490 2852 607 2893 bonis
617 2852 715 2904 frui
732 2853 1052 2907 praesentibus,
1084 2868 1212 2908 quam
1235 2855 1284 2896 in
1318 2854 1516 2896 absentia
1547 2867 1594 2896 se
1627 2854 1864 2896 intendere.
1925 2854 2030 2895 Per-

191 2921 265 2950 sas
284 2909 457 2963 quidem
478 2921 573 2962 spes
599 2909 764 2950 multae
785 2909 844 2950 ad
866 2909 977 2951 hanc
1003 2911 1050 2951 in
1072 2911 1288 2953 Romanos
1314 2911 1626 2967 expeditionem
1662 2911 1949 2953 induxerant.-
1978 2915 2030 2954 at

191 2978 303 3020 nunc
323 2966 378 3007 de
399 2966 590 3007 omnibus
607 2965 759 3008 deiecti
772 2969 935 3022 fugam
957 2969 1273 3023 praecipitant=
1302 2968 1456 3024 Itaque
1486 2969 1525 3010 si
1554 2969 1652 3010 illos
1678 2981 1885 3023 cogamus
1913 2968 2028 3010 abii-

187 3036 284 3065 cere
306 3023 611 3078 cogitationem
632 3023 823 3074 reditus,
867 3030 910 3066 et
930 3025 1085 3067 invitos
1118 3027 1179 3068 ad
1206 3026 1420 3081 praelium
1445 3026 1745 3075 retrahamus,
1785 3025 1896 3067 nihil
1929 3038 2026 3066 am-

183 3080 301 3135 plius
335 3095 465 3134 quam
499 3080 612 3135 quod
650 3080 775 3123 adest
805 3080 1078 3134 habebimus,
1108 3097 1161 3124 ac
1195 3083 1420 3126 luserimus
1452 3096 1652 3137 operam.-
1680 3095 1878 3137 quorsum
1911 3083 2026 3124 enim

178 3137 429 3193 fugientem
462 3139 555 3193 quis
580 3137 744 3193 fuget?
805 3138 928 3190 Quod
965 3139 1004 3179 si
1035 3140 1155 3181 nobis
1183 3153 1253 3182 res
1287 3140 1403 3182 male
1435 3140 1608 3182 cesserit
1617 3154 1634 3190 ‚·
1661 3153 1792 3194 quam
1813 3145 2023 3192 tenemus,

188 3195 434 3237 amittemus
463 3195 688 3236 victoriam
705 3223 718 3243 ,
746 3209 831 3236 non
864 3195 1010 3238 hostili
1032 3197 1078 3238 υἱ
1102 3197 1222 3238 nobis
1239 3203 1478 3248 extortam,
1505 3197 1580 3239 sed
1605 3211 1629 3238 e
1650 3195 1846 3237 manibus
1879 3197 2024 3250 proie-

188 3258 305 3294 ctam
324 3254 465 3302 ultro‚·
490 3252 638 3307 itaque
661 3252 859 3293 Caesaris
874 3253 1144 3306 provincias,
1174 3254 1344 3296 sublato
1365 3253 1482 3296 omni
1493 3253 1737 3309 praesidio,
1767 3253 2022 3296 insolentiae

187 3309 361 3353 victoris
394 3310 595 3351 obnoxias
625 3310 924 3364 relinquemus.
982 3310 1043 3351 Et
1073 3324 1174 3352 vero
1198 3310 1394 3366 cogitare
1414 3324 1489 3353 vos
1511 3311 1559 3353 id
1577 3324 1662 3365 par
1683 3315 1772 3362 est,
1802 3325 1888 3352 non
1918 3311 2024 3352 item

194 3367 241 3408 in
273 3367 476 3423 susceptis
504 3371 652 3421 sponte
680 3367 907 3422 periculis,
934 3371 983 3408 ut
1014 3367 1060 3408 in
1079 3368 1329 3410 necessariis
1351 3368 1488 3411 solere
1510 3368 1648 3410 Deum
1671 3367 1890 3421 opitulari.
1951 3366 2024 3409 Ad

195 3424 302 3467 haec
315 3455 329 3476 ‚
353 3424 576 3479 praecluso
600 3423 715 3466 omni
736 3424 924 3479 effugio,
951 3430 1078 3480 coget
1098 3425 1261 3467 hostem
1280 3424 1524 3480 desperatio
1543 3439 1635 3467 rem
1656 3430 1828 3467 strenue
1846 3437 2023 3481 gerere.-

188 3495 264 3525 uos
296 3489 442 3529 autom
475 3482 613 3527 multa
645 3482 867 3538 quominus
903 3494 1100 3540 pugnam
1146 3495 1418 3538 capessamus
1463 3483 1717 3540 impediunt.
1808 3481 2024 3524 Exhausti
