2254 3814
342 182 466 241 354
1092 174 1427 229 PROCOPII

343 332 436 380 τοῦ
461 324 682 392 πολέμου
709 320 881 391 χρείαν
908 313 1072 386 δεήσει
1098 315 1293 386 ἄμετρα
1323 315 1563 386 φέρουσιν
1587 309 1701 366 οὕτε
1725 306 2015 380 ξυγγνώμης
2035 310 2173 371 τινὸς

345 412 459 465 οὔτε
504 410 760 474 ἀναβολῆς
804 405 963 466 ἀξίοις
1002 400 1144 456 εἶναι.
1231 406 1336 454 τῶν
1372 401 1427 452 δὲ
1462 402 1759 469 στρατηγῶν
1781 395 1936 457 αὐτὸς
1965 396 2174 457 ἕκαστος

346 490 711 565 στρατηγήσειν
751 488 980 557 οῗόμενος
1015 485 1339 558 κατωρρῶδει
1377 507 1431 539 τε
1468 487 1551 539 καὶ
1579 480 1795 537 ἀπώκνει
1822 486 1914 534 τοῦ
1938 479 2172 533 κινδύνου

169 601 207 643 Ρ
236 601 322 644 202
349 581 408 634 τὸ
446 580 688 648 μέγεθος,
738 575 788 628 εἶ’
813 575 861 628 οἶ
901 573 1172 643 ἀναγκαῖον
1205 573 1278 640 εἴη
1320 571 1627 626 διασωθέντι
1651 570 1705 621 ἐκ
1727 573 1830 620 τῶν
1855 568 1906 618 ἐν
1929 564 2175 637 θαλάσσῃ

345 669 514 719 κακῶν
541 658 1041 732 στρατοπεδεύεσθαι
1066 660 1157 726 μὲν
1185 659 1236 711 ἐν
1260 663 1324 728 τῇ
1351 658 1593 729 πολεμία,
1640 655 1693 706 ἐκ
1717 655 1772 706 δὲ
1793 657 1896 705 τῶν
1919 657 2042 704 νεῶν
2074 650 2173 722 ῶρ-
2189 664 2215 706 5

346 749 554 821 μημὲνῳ
589 744 938 814 διαμάχεσθαι
960 745 1088 814 πρὸς
1113 746 1374 810 βασιλείαν
1401 738 1622 811 μεγάλην
1646 761 1700 792 τε
1727 740 1809 791 καὶ
1835 734 1985 806 λόγου
2013 737 2174 799 ἀξίαν.

345 837 394 889 οἳ
420 836 474 887 δὲ
499 838 810 903 στρατιῶται
837 830 953 901 ἄρτι
982 833 1036 883 ἔκ
1063 832 1286 896 πολε-’μου
1319 833 1520 897 μακροῦ
1549 847 1602 879 τε
1628 826 1710 877 καὶ
1730 828 1956 891 χαλεποῦ
1992 820 2180 890 ἐπανή-

351 941 522 982 κοντες
560 917 702 972 οὔπω
732 939 784 970 τε
825 915 917 987 ὅλῃ
941 913 1146 986 γλώσσῃ
1171 915 1388 983 ἀγαθῶν
1411 919 1513 967 τῶν
1538 910 1669 964 κατὰ
1693 910 1786 978 τὴν
1813 909 1973 962 οἰκίαν
1996 905 2182 977 γευσά-

351 1028 492 1075 μενοι
529 1006 580 1057 ἓν
616 1003 874 1076 ἀμηχανία
900 1002 1123 1071 ἐγίνοντο
1139 1042 1155 1066 ,
1202 999 1252 1062 ἴς
1276 1022 1329 1053 τε
1355 999 1643 1066 ναυμαχίαν
1668 993 1930 1064 ἀγόμενοι,
1979 993 2039 1061 ἣν
2065 994 2183 1047 οὐδὲ

353 1091 482 1161 ἀκοῇ
508 1086 755 1160 πρότερον
780 1084 1170 1154 παραλαβόντες
1195 1083 1480 1155 ἐτύγχανον,
1511 1085 1595 1137 καὶ
1618 1081 1717 1134 ἀπὸ
1741 1086 1842 1134 τῶν
1867 1077 2005 1152 ἑῴων
2030 1078 2182 1149 ὁρίων
2199 1095 2251 1135 10

354 1173 677 1243 στελλόμενοι
723 1174 774 1234 ἒς
810 1173 904 1233 τὰς
944 1177 1038 1225 τοῦ
1076 1169 1221 1239 ἡλίου
1252 1170 1480 1237 δυσμὰς,
1529 1166 1618 1237 ἐφ’
1651 1159 1692 1238 ᾧ
1719 1163 2183 1219 διακινδυνεύσουσι

355 1258 484 1331 πρός
510 1282 563 1313 τε
592 1260 879 1319 Βανδίλους
901 1259 984 1309 καὶ
1006 1257 1398 1326 Μαυρουσίους.
1490 1253 1538 1306 οἳ
1568 1253 1623 1305 δὲ
1653 1251 1716 1318 δὴ
1742 1250 1915 1315 ἄλλοι,
1961 1250 2087 1319 ἅπερ
2131 1251 2183 1303 ἓν

285 1352 323 1394 Β
353 1345 512 1419 ὁμίλῳ
553 1349 693 1415 φιλεῖ
723 1344 1010 1413 γίγνεσθαι,
1057 1341 1314 1410 νεωτέρων
1348 1335 1660 1412 πραγμάτων
1684 1336 1876 1406 ἤθελον
1903 1337 1987 1388 διὰ
2013 1333 2186 1389 κινδύ-

349 1453 451 1485 νων
480 1430 761 1498 ἀλλοτρίων
787 1430 973 1481 θεαταὶ
999 1427 1253 1496 γενέσθαι.

520 1519 743 1568 Βασιλεῖ
773 1514 945 1581 μέντοι
985 1515 1135 1565 εἴπεΐν
1168 1533 1218 1565 τι
1256 1512 1335 1564 ἐπὶ
1373 1505 1584 1580 κωλῦμῃ
1611 1513 1704 1576 τῆς
1731 1511 1975 1577 στρατιᾶς
2002 1505 2185 1572 οὐδεὶς,
2204 1507 2254 1569 15

351 1601 430 1655 ὅτι
453 1601 526 1669 μὴ
554 1598 579 1654 ὃ
607 1597 967 1668 Καππαδόκης
987 1595 1255 1666 Ἰωάννης,
1302 1594 1609 1664 ἐτόλμησεν,
1660 1591 1686 1646 ὃ
1714 1599 1805 1661 τῆς
1845 1592 2003 1660 αὐλῆς
2029 1591 2188 1662 ἔπαρ-

346 1708 470 1756 χος,
516 1682 853 1754 θρασύτατός
880 1706 934 1738 τε
956 1683 1026 1737 ὧν
1051 1686 1134 1736 καὶ
1158 1679 1447 1743 δεινότατος
1469 1686 1572 1734 τῶν
1600 1678 1716 1732 κατ’
1746 1677 1902 1731 αὐτὸν
1930 1675 2184 1732 ἁπάντων.

358 1766 510 1834 οὗτος
531 1771 628 1841 γὰρ
656 1767 682 1823 ὃ
701 1768 936 1839 Ἰωάννης
957 1775 1059 1822 τῶν
1083 1768 1253 1822 ἄλλων
1280 1773 1444 1838 σιωπῇ
1470 1766 1562 1828 τὰς
1581 1761 1849 1835 παρούσας
1868 1763 2189 1831 ὀδυρομένων

358 1856 518 1926 τύχας
542 1856 819 1926 παρελθὼν
845 1859 914 1918 εἷς
938 1854 1152 1922 βασιλέα
1176 1854 1305 1917 ἔλεξε
1330 1850 1501 1906 τοιάδε
1546 1891 1584 1916 ,,
1605 1850 1680 1903 Τὸ
1707 1849 1917 1915 πιστὸν,
1968 1845 2007 1903 ὦ
2036 1856 2191 1917 βασι-

360 1948 475 2008 λεῦ,
520 1947 614 2010 τῆς
651 1942 701 2002 ἔς
736 1941 859 2003 τοίς
897 1938 1156 2008 ὑπηκόους
1193 1939 1323 2001 τούς,
1362 1938 1487 1999 σοτῖς
1529 1934 1729 2004 ὁμιλίας
1765 1934 1860 2000 τὴν
1900 1938 2254 2006 παρρησίανὲσ

339 2027 481 2097 (ἡμῖν
521 2024 891 2080 ἀναπετάννυσι
926 2034 1084 2078 ποιεῖν
1117 2046 1171 2078 τε
1197 2026 1279 2078 καὶ
1305 2023 1458 2093 λε’γειν
1485 2020 1511 2075 ὅ
1535 2043 1585 2074 τι
1611 2020 1674 2074 ἂν
1696 2021 1855 2091 με’λλῃ
1881 2027 1943 2091 τῇ
1965 2024 2192 2096 πολιτεία

362 2113 606 2178 ξυνοίσειν
643 2117 707 2183 τῇ
746 2117 841 2184 σῇ,
888 2110 952 2180 ’ἢν
983 2113 1066 2164 καὶ
1089 2110 1162 2180 μὴ
1189 2110 1317 2181 πρὸς
1341 2105 1529 2179 ἡδονήν
1564 2127 1646 2161 σοι
1667 2106 1732 2160 τὰ
1762 2103 2004 2176 λεγόμενά
2027 2129 2080 2160 τε
2108 2109 2193 2160 καὶ

477 2263 548 2306 11.
579 2256 1036 2362 δὲακινδυνεύσουσι]
1064 2255 1464 2305 διακινδυνεύουσι
1490 2257 1545 2301 L.
1670 2256 1742 2301 22.
1773 2255 2026 2313 ξυνοίσειν]
2057 2254 2194 2315 ξυνή-

477 2332 574 2363 σειν
644 2347 657 2362 .

363 2458 620 2518 praebendis
650 2458 705 2502 ad
734 2458 836 2502 belli
863 2471 964 2502 usus
992 2457 1234 2513 sumptibus
1261 2456 1453 2509 infinitis,
1481 2471 1562 2501 nec
1588 2455 1715 2500 venia
1737 2469 1818 2499 nec
1838 2456 2079 2499 laxamento
2107 2455 2194 2500 ullo

364 2518 659 2573 dignarentur.
703 2516 867 2558 Ducum
896 2531 1016 2566 vero,
1046 2531 1141 2559 cum
1171 2515 1354 2572 quisque
1383 2515 1464 2557 sibi
1494 2514 1649 2558 bellum
1679 2515 1760 2556 hoc
1789 2513 1934 2556 datum
1962 2513 2017 2555 iri
2047 2513 2197 2556 existi-

364 2579 515 2623 maret,
546 2588 666 2617 nemo
696 2588 780 2615 non
808 2574 1082 2625 formidabat,
1114 2587 1165 2615 ac
1184 2572 1362 2629 periculi
1390 2572 1718 2629 magnitudinem
1742 2570 2014 2626 refugiebat,
2041 2570 2078 2612 si
2101 2571 2197 2627 qui-

364 2633 460 2674 dem
490 2632 637 2674 facere
664 2645 747 2673 non
777 2638 948 2687 posset,
993 2630 1095 2687 quin
1124 2630 1292 2672 casibus
1319 2629 1678 2684 incommodisque
1704 2628 1830 2672 maris
1859 2627 2108 2680 defunctus,
2150 2627 2196 2670 in

366 2687 512 2731 hostili
542 2688 631 2730 solo
660 2693 802 2730 castra
831 2694 1039 2744 poneret,
1088 2687 1315 2744 statimque
1345 2688 1400 2730 ab
1436 2686 1692 2730 excensione
1730 2699 1822 2729 cum
1852 2699 2003 2736 magno
2032 2700 2084 2727 ac
2113 2685 2198 2728 flo-
2253 2734 2254 2744 ἵ

364 2744 604 2788 rentissimo
634 2759 768 2800 regno
793 2752 1019 2802 pugnaret.
1078 2744 1242 2787 Milites
1284 2758 1458 2800 quoque
1500 2759 1525 2786 e
1553 2743 1754 2786 diuturno
1793 2742 2044 2798 difficilique
2084 2743 2196 2785 bello

364 2817 448 2845 non
476 2802 728 2858 itasprideni
759 2803 953 2854 reduces,
994 2802 1138 2844 libatis
1166 2806 1345 2852 tantum,
1385 2801 1563 2845 necdum
1593 2806 1699 2851 tota,
1738 2799 1850 2856 quod
1879 2800 2011 2852 aiunt,
2051 2800 2198 2855 lingua
2248 2805 2254 2848 J

365 2859 556 2914 gustatis
584 2858 661 2900 otii
690 2859 910 2902 domestici
941 2859 1127 2911 deliciis,
1175 2859 1475 2909 haesitabant3
1516 2859 1571 2901 ob
1600 2857 1646 2900 id
1676 2857 1951 2913 praesertim,
1996 2858 2110 2911 quod
2141 2856 2198 2899 ad
2236 2855 2249 2914 '5

366 2915 541 2958 navalia
568 2915 758 2972 praelia,
803 2931 890 2959 rem
920 2918 1002 2958 sibi
1035 2918 1240 2958 hactenus
1268 2915 1522 2968 inauditam,
1571 2915 1854 2963 ducerentur,
1896 2920 1941 2956 et
1970 2915 2023 2955 ab
2052 2914 2199 2956 ultimo
2245 2967 2248 2971 ι

369 2972 555 3014 Oriente
580 2972 850 3015 mitterentur
880 2974 933 3015 ad
969 2975 1180 3016 Occasum
1209 2973 1325 3025 solis,
1367 2979 1417 3016 ut
1445 2986 1538 3015 cum
1566 2970 1772 3014 Vandalis
1801 2970 2048 3026 Maurisque
2077 2970 2199 3013 dimi·
2235 2971 2247 3026 1}

368 3035 530 3072 carent·
591 3031 653 3071 Ac
693 3031 856 3072 caeteri
894 3031 975 3084 (ut
1004 3031 1055 3072 fit
1083 3030 1128 3072 in
1155 3029 1458 3086 multitudine)
1502 3042 1645 3072 rerum
1682 3041 1887 3070 novarum
1929 3033 2201 3085 spectatores
2225 3057 2238 3073 ,.

369 3100 466 3130 esse
491 3085 628 3129 alieno
659 3087 845 3142 periculo
873 3087 1113 3143 cupiebant.
2231 3111 2241 3131 n

485 3143 614 3185 Tunc
643 3151 818 3198 praeter
845 3144 1041 3186 Ioannem
1071 3143 1385 3201 Cappadocem,
1411 3142 1680 3186 Praefectum
1698 3142 1844 3184 Praet.
1875 3141 2198 3185 audacissimum
2227 3143 2241 3186 .'

367 3199 576 3244 hominem
616 3205 744 3255 atque
785 3201 1159 3255 ingeniosissimum
1189 3201 1284 3243 aevi
1313 3200 1406 3252 sui,
1448 3214 1569 3242 nemo
1600 3198 1821 3256 quisquam
1847 3213 1930 3254 quo
1961 3198 2203 3254 expeditio-
2228 3204 2230 3210 “

377 3272 472 3301 nem
500 3257 796 3308 dissuaderet,
841 3257 1094 3313 Imperatori
1122 3258 1263 3301 dicere
1293 3266 1418 3300 ausus
1446 3262 1527 3300 est.
1585 3256 1698 3299 Nam
1724 3256 1907 3298 caeteris
1932 3256 2200 3311 iniquitatem

378 3315 581 3370 temporis
619 3314 753 3357 tacite
781 3313 1128 3365 deplorantibus,
1182 3315 1364 3356 Ioannes
1390 3314 1445 3356 ad
1475 3318 1712 3368 Augustum
1743 3313 1787 3355 in
1815 3314 1924 3356 hanc
1949 3313 2200 3356 sententiam
2227 3311 2242 3346 1*

381 3372 504 3417 dixit.
562 3372 810 3414 Familiaris
829 3372 953 3413 huius
977 3373 1042 3413 tui
1066 3385 1160 3413 cum
1184 3373 1363 3414 subditis
1381 3372 1679 3425 ususfiducia,
1718 3374 1936 3427 Auguste,
1965 3385 2059 3412 eam
2081 3371 2216 3412 nobis
2231 3411 2238 3430 ἦ

381 3431 623 3473 libertatem
642 3431 792 3485 offert,
819 3435 868 3470 ut
890 3443 999 3484 quae
1017 3429 1254 3471 rationibus
1274 3429 1360 3472 tuis
1382 3431 1644 3480 conducunt,
1674 3435 1717 3472 et
1741 3430 1882 3471 dicere
1902 3428 2135 3470 audeamus
2156 3431 2200 3469 et
2230 3450 2237 3479 t

374 3491 555 3543 sacere‚·
593 3487 790 3544 quamvis
814 3486 932 3530 diota
949 3487 1029 3530 illa
1037 3489 1249 3544 factaque
1267 3492 1415 3531 nostra
1439 3488 1500 3531 ad
1519 3488 1782 3543 voluptatem
1806 3492 1928 3531 tuam
1949 3490 2201 3541 comparata
2239 3500 2241 3502 ·
