2150 3834
233 225 270 280 8
895 221 1384 275 ARGUMENTUM.

232 387 305 429 sis.
364 386 563 442 Regnum
585 385 748 440 recipit.
810 383 1103 441 Magistratus
1124 386 1241 440 apud
1269 386 1420 429 Persas
1442 383 1742 427 haereditarii.
1799 382 1919 426 More
1935 385 2053 439 faci-

229 457 473 485 norosorum
510 450 762 485 excaecatur
791 443 956 483 Blases.
1034 442 1263 496 Interfecto
1303 443 1598 485 Gusanastadi
1650 441 1808 494 sufficit
1860 443 2054 484 Cabades

229 501 677 555 Adergudunbadem,
708 503 751 540 et
779 499 1112 554 Chanarangem
1136 506 1267 543 creat.
1325 502 1492 541 Seosem
1524 512 1636 540 nova
1668 498 1884 553 dignitate
1911 499 2053 540 Adra-

229 552 605 598 stadaransalanis
647 561 788 598 ornat.
829 555 914 610 (6.)
992 556 1187 613 Roganti
1220 562 1413 599 mutuum
1446 561 1678 611 argentum
1714 554 1880 596 Cabadi
1917 562 2053 610 negat

229 614 487 657 Anastasius
517 615 635 668 Aug.
706 612 820 653 Hinc
854 613 1024 654 bellum.
1099 614 1322 656 Obsidetur
1354 629 1381 655 a
1415 613 1556 655 Persis
1589 612 1764 654 Amida.
1833 613 1879 656 S.
1910 612 2055 653 Iacobi

228 671 452 711 Eremitac
472 670 735 711 miraculum.
794 669 916 711 Felix
941 684 1062 712 omen
1084 671 1258 724 capiunt
1280 670 1410 725 Magi
1429 683 1479 712 ex
1501 669 1768 723 impudentia
1786 670 2054 711 meretricum

228 727 556 768 Amidenarum.
618 725 792 767 Credita
827 727 961 770 turris
994 728 1186 769 custodia
1208 727 1444 768 Monachis.
1502 726 1659 767 Eorum
1683 727 1960 767 somnolentia
1981 740 2058 766 ur-

230 785 323 825 bem
342 783 548 837 perdidit.
606 783 856 837 Appositum
879 784 1109 826 sacerdotis
1131 797 1375 839 responsum
1398 789 1593 824 exarmat
1617 782 1848 824 Cabadem.
1911 783 2056 836 Capti-

227 841 275 881 vi
294 840 405 881 cives
422 845 574 894 postea
597 840 774 882 dimissi.
832 841 885 882 In
908 854 977 882 eos
1002 841 1249 896 benignitas
1272 839 1504 883 Anastasii.
1534 840 1619 894 (7.)
1687 838 1874 880 Romani
1896 840 2055 881 exerci-

225 902 294 939 tus
317 897 456 938 duces.
511 898 679 952 Appion
706 896 951 952 Praefectus
974 899 1201 940 castrensis
1223 898 1399 939 aerarii.
1471 896 1706 938 Dissidium
1726 897 1895 938 dueum.
1973 898 2055 937 Oc-

227 954 362 995 currit
399 951 610 995 cabades.
668 955 798 1011 Fuga
833 955 1066 997 Areobindi
1093 955 1298 1011 magistri
1319 954 1501 996 militum
1523 966 1602 1008 per
1622 954 1848 995 Orientem.
1908 951 2055 994 Patri-

225 1011 315 1051 cius
349 1016 478 1064 atque
513 1011 729 1066 Hypatius
763 1011 929 1054 cladem
960 1013 1187 1067 accipiunt.
1251 1013 1372 1054 Celer
1393 1011 1577 1053 excurrit
1596 1010 1642 1051 in
1665 1011 1931 1053 Arzanenen.
1963 1010 2054 1064 (8.)

227 1067 419 1108 Romani
437 1067 643 1109 Amidam
666 1069 871 1114 obsident.
930 1070 1084 1111 Glones
1115 1070 1342 1111 Persarum
1374 1069 1460 1110 dua·
1478 1068 1523 1109 in
1543 1067 1726 1109 insidias
1750 1081 1778 1108 a
1800 1068 1956 1108 rustico
1978 1068 2055 1109 de-

226 1125 381 1167 ductus
401 1124 564 1168 interit.
623 1125 781 1167 Persae
797 1132 981 1181 parcunt
1003 1127 1224 1180 aedificiis.
1280 1127 1442 1167 Eorum
1461 1125 1702 1178 inserenda
1712 1127 1838 1179 fame
1857 1130 2054 1166 constan-

226 1182 308 1224 tia.
366 1182 526 1223 Amida
557 1183 699 1236 pretio
733 1184 950 1238 recipitur.
1008 1184 1214 1226 Induciae
1243 1196 1452 1225 annorum
1482 1182 1524 1226 7.
1556 1182 1647 1236 (9.)
1706 1182 1933 1224 Portarum
1968 1182 2054 1223 Ga-

222 1239 419 1293 spiarum
455 1239 697 1294 descriptiO.
755 1239 823 1281 Ibi
857 1240 1072 1283 conditum
1101 1241 1155 1283 ab
1182 1240 1428 1282 Alexandro
1450 1238 1618 1294 Magno
1639 1239 1859 1280 castellum
1883 1244 2054 1280 recusat

222 1308 361 1338 emere
381 1297 638 1338 Anastasius
658 1296 711 1337 ab
734 1298 1001 1340 Ambaeuce:
1026 1313 1106 1353 quo
1130 1305 1310 1350 mortuo,
1329 1296 1438 1339 iuml
1455 1296 1650 1338 Cabades
1667 1295 1902 1350 occupavit.
1932 1299 2053 1337 Ana-

221 1353 380 1394 stasius
418 1366 468 1394 ex
503 1353 595 1395 vico
622 1354 746 1394 Dara
776 1355 1121 1410 Anastasiopolin
1139 1356 1285 1408 facit,
1315 1368 1367 1396 ac
1391 1354 1607 1395 moenibus
1630 1353 1768 1409 cingit
1797 1353 2053 1394 Theodosio-

219 1411 352 1465 polin.
383 1409 502 1464 (10.)
560 1410 792 1452 Anastasio
814 1413 1001 1455 succedit
1020 1413 1220 1455 Iustinus.
1280 1411 1477 1454 Cabades
1509 1410 1736 1452 Persarum
1771 1423 1847 1452 rex
1877 1411 1931 1452 de
1956 1423 2052 1452 suc-

221 1480 384 1508 cessore
416 1467 600 1523 cogitat.
672 1468 853 1520 causes,
896 1470 1075 1519 Zames,
1118 1469 1320 1511 Chosroes
1352 1473 1440 1511 tres
1475 1465 1568 1509 eius
1584 1467 1688 1521 filii.
1756 1467 1845 1508 Les:
1877 1466 2053 1509 Persica

220 1524 394 1564 mutilos
429 1537 459 1564 a
493 1524 622 1580 regni
657 1526 917 1567 successione
938 1525 1137 1568 excludit.
1200 1525 1393 1568 Cabades
1419 1523 1642 1566 Chosroem
1661 1523 1955 1579 adoptandum
1978 1525 2053 1565 Iu·-

221 1580 334 1623 stino
361 1579 501 1634 offert.
561 1580 700 1622 Procli
725 1582 972 1633 Quaestoris
991 1583 1144 1640 gravis
1162 1583 1315 1626 oratio.
1374 1581 1627 1624 Decernitur
1651 1581 1844 1624 Chosrois
1877 1581 2052 1636 adoptio

217 1650 298 1692 per
327 1650 470 1679 arma.
529 1636 695 1693 Legati
729 1640 994 1683 conveniunt.
1051 1640 1240 1682 Solvitur
1274 1653 1418 1682 eorum
1446 1643 1589 1680 coetus
1610 1638 1774 1692 insecta
1794 1651 1856 1681 re.
1917 1639 2052 1694 Origo

221 1693 312 1735 odii
335 1693 531 1736 Chosrois
551 1695 598 1735 in
620 1695 849 1739 Romanos.
910 1696 1050 1740 Seosis
1076 1698 1213 1739 exitus
1226 1695 1557 1750 funestissimus.
1615 1694 1707 1737 Lea·
1743 1695 1971 1737 Persarum
1996 1697 2052 1738 de

220 1765 307 1792 non
330 1751 560 1793 humandis
582 1753 772 1794 mortuis.
811 1753 993 1808 Rufinus
1013 1755 1204 1809 Hypatio
1222 1754 1459 1809 periculum
1481 1757 1613 1795 creat.
1641 1752 1758 1807 (11.)
1816 1753 1933 1794 Situs
1954 1753 2052 1796 Ibe-

221 1808 331 1850 riae.
389 1808 497 1849 Eius
518 1809 683 1851 incolae
709 1809 945 1853 Christiani
966 1812 1142 1866 optimi,
1170 1811 1274 1853 iussi
1295 1825 1324 1852 a
1351 1809 1524 1851 Cabade
1545 1823 1630 1850 non
1645 1808 1828 1863 sepelire
1849 1816 2051 1863 mortuos,

219 1865 281 1907 ad
316 1865 528 1911 Iustinum
567 1866 791 1920 deficiunt,
824 1881 919 1908 cum
942 1881 1050 1923 rege
1083 1882 1157 1909 suo
1199 1868 1414 1923 Gurgene.
1474 1865 1635 1909 Probus
1656 1867 1891 1920 Bosporum
1916 1869 2052 1909 mitti-

220 1927 294 1964 tur
321 1921 380 1963 ad
405 1922 699 1964 contrahenda
722 1924 902 1966 auxilia.
969 1925 1142 1967 Varizes
1164 1925 1394 1980 dignitatis
1415 1937 1568 1966 nomen
1594 1923 1710 1978 apud
1735 1923 1904 1966 Persas.
1963 1926 2051 1966 Res

218 1978 407 2021 Lazicae
425 1984 465 2020 et
481 1979 818 2022 Persarmeniae.
859 1981 1100 2024 Belisarius
1123 1988 1165 2023 et
1177 1983 1314 2024 Sittas
1335 1982 1622 2024 adolescentes
1635 1981 1865 2022 Iustiniani
1883 1983 2052 2023 satelli-

219 2041 298 2078 tes.
357 2035 601 2078 Belisarius
635 2037 858 2079 a.1ustino
893 2040 1077 2081 numeris
1109 2039 1295 2082 Darenis
1322 2039 1588 2094 praepositus
1608 2039 1897 2080 consiliarium
1917 2038 2049 2081 habet

219 2091 487 2148 Procopium.
518 2092 634 2148 (12.)
693 2094 957 2138 lastinianus
982 2096 1138 2138 Iustini
1155 2109 1364 2139 successor
1383 2096 1596 2138 Belisario
1617 2095 1801 2137 mandat
1822 2101 1871 2138 ut
1893 2097 2050 2138 castel-

219 2149 307 2191 lum
342 2154 513 2192 extruat
548 2150 766 2193 Mindone.
825 2154 1051 2208 Opponunt
1088 2168 1134 2196 se
1175 2153 1334 2196 Persae
1364 2159 1407 2196 et
1441 2153 1658 2195 Romanos
1685 2153 1810 2195 clade
1838 2154 2050 2206 afficiunt.

218 2207 457 2249 Belisarius
479 2209 691 2263 magister
724 2210 906 2252 militum
940 2224 1017 2265 per
1047 2210 1261 2254 Orientem
1286 2224 1380 2253 eum
1405 2211 1678 2265 Hermogene
1709 2211 1919 2266 magistro
1951 2212 2048 2264 offi-

218 2263 380 2305 ciorum
417 2263 635 2307 Romanos
670 2266 730 2306 ad
766 2268 938 2323 insigne
965 2269 1178 2323 praelium
1209 2274 1466 2324 praeparat.
1528 2267 1680 2321 Campi
1708 2273 1751 2309 et
1782 2268 1891 2309 aciei
1922 2267 2046 2309 Rom.

218 2320 452 2374 dispositio.
527 2322 774 2365 Mirrhanes
805 2338 959 2367 nomen
995 2325 1194 2369 Persicae
1229 2325 1486 2382 dignitatis,
1525 2338 1612 2380 qua
1641 2324 1824 2380 insignis
1869 2323 2049 2368 Perozes

218 2377 307 2421 dux
349 2391 537 2420 summus
584 2378 829 2423 Persarum.
921 2382 1131 2425 Velitatio.
1220 2383 1476 2439 Singularia
1508 2382 1746 2424 certamina
1780 2395 1886 2424 sane
1921 2396 2050 2438 egre-

212 2434 315 2490 gia.
345 2434 463 2490 (13.)
538 2436 741 2478 Belisarii
772 2444 816 2481 et
847 2438 1086 2482 Mirrhanis
1118 2446 1295 2482 mutuae
1325 2441 1492 2482 literae.
1558 2439 1784 2494 Utriusque
1817 2441 2047 2484 conciones.

218 2491 345 2533 Aciei
368 2491 567 2535 Persicae
587 2494 820 2547 dispositio.
883 2495 965 2538 Gur
985 2498 1165 2539 meridie
1186 2510 1383 2554 pugnam
1402 2496 1562 2539 Persae
1580 2497 1773 2539 inierint.
1830 2496 2046 2539 Praelium

217 2549 508 2591 memorabile.
570 2550 731 2605 Ingens
763 2552 989 2595 Persarum
1024 2555 1182 2597 clades.
1213 2554 1325 2610 (14.)
1393 2553 1618 2596 Exercitus
1652 2553 1698 2594 in
1731 2554 1978 2596 Armeniam
2014 2567 2045 2595 a

219 2605 396 2647 Cabade
418 2605 581 2650 missus.
640 2608 776 2649 Sittas
794 2612 1007 2665 magister
1029 2613 1213 2654 militum
1228 2625 1310 2667 per
1330 2611 1577 2654 Armeniam
1590 2625 1604 2652 ε
1632 2610 1870 2654 Dorotheus
1891 2615 2045 2652 Arme-

217 2662 320 2704 niae
340 2662 441 2704 dux.
506 2662 618 2705 Victi
638 2664 701 2704 bis
725 2665 896 2708 Persae.
960 2669 1199 2711 Tzanorum
1220 2668 1341 2711 sedes
1359 2668 1532 2723 patriae
1553 2673 1597 2710 et
1617 2681 1768 2710 mores.
1833 2668 2044 2711 Christia-

217 2733 322 2760 nam
343 2718 598 2773 religionem
621 2722 947 2774 amplectuntur.
1006 2725 1307 2782 Pharangium
1328 2731 1370 2767 et
1394 2725 1550 2766 Bolum
1573 2724 1761 2766 Romani
1785 2723 1926 2767 Persis
1955 2726 2043 2767 eri-

212 2776 356 2831 piunt.
416 2776 582 2818 Narses
602 2783 645 2823 et
667 2779 846 2821 Aratius
866 2782 925 2823 ad
943 2781 1157 2825 Romanos
1176 2782 1488 2838 transfugiunt.
1520 2781 1640 2835 (15.)
1698 2782 1844 2836 Rufini
1862 2783 1915 2824 de
1932 2796 2042 2838 pace

219 2832 362 2887 legati
394 2833 455 2875 ad
488 2833 702 2875 Cabadem
732 2837 884 2878 oratio.
943 2838 1188 2893 Respondet
1213 2839 1421 2881 Cabades.
1480 2838 1663 2892 Rufinus
1687 2839 1944 2892 Byzantium
1970 2853 2043 2880 re-

218 2891 299 2932 dit.
356 2890 621 2932 lastinianus
651 2892 832 2935 absolvit
867 2908 1027 2936 annum
1057 2897 1228 2951 imperii
1260 2902 1459 2951 quartum
1477 2896 1552 2937 sub
1572 2895 1743 2938 initium
1766 2897 1892 2938 veris.
1922 2896 2039 2951 (16.)

217 2947 404 3001 Irruptio
430 2947 657 2989 Persarum
680 2949 725 2990 in
747 2951 1095 3005 Euphratesiam‚
1124 2955 1224 2995 olim
1242 2954 1401 2995 dictam
1427 2952 1774 3008 Commagenem.
1806 2953 1939 3007 Origo
1961 2968 2041 2994 no·-

215 3004 345 3045 minis
370 3004 604 3058 utriusque.
663 3006 900 3061 Euphratis
929 3023 980 3050 ac
1018 3011 1208 3066 Tigridis
1232 3014 1379 3064 fontes
1399 3015 1440 3052 et
1460 3023 1618 3052 cursus.
1679 3011 1846 3051 Fanum
1866 3011 2039 3052 Dianae

217 3060 446 3103 Tauricae.
504 3062 572 3102 Ea·
595 3076 641 3103 eo
666 3064 920 3120 Iphigeniae
930 3068 1053 3121 fuga
1083 3081 1178 3109 cum
1202 3068 1370 3109 Oreste:
1395 3066 1521 3108 huius
1550 3066 1731 3108 morbus.
1789 3067 1955 3121 Duplex
1981 3067 2037 3107 ab

213 3118 305 3173 ipso
342 3116 514 3160 condita
550 3119 752 3161 Comana.
831 3122 950 3165 Unde
978 3124 1038 3165 sic
1072 3124 1189 3166 dicta
1222 3129 1418 3178 utraque.
1493 3124 1667 3165 Dianae
1700 3127 1743 3164 et
1778 3123 2038 3178 Iphigeniae

215 3176 381 3229 templa
428 3175 667 3217 Christiani
703 3178 875 3221 habent.
934 3180 1170 3235 Euphratis
1206 3182 1260 3222 ab
1296 3181 1506 3223 Acilisene
1537 3181 1584 3222 in
1621 3180 1843 3233 Assyriam
1875 3195 2034 3222 cursus.

217 3233 414 3274 Osroene.
471 3232 718 3275 Mirrhanes
751 3249 780 3276 a
816 3236 989 3278 Cabade
1023 3252 1109 3292 qua
1143 3238 1384 3292 ignominia
1405 3242 1594 3279 notatus.
1653 3237 1799 3278 Oratio
1827 3238 2038 3278 Alamun-

215 3289 317 3331 dari
347 3289 408 3331 ad
443 3289 675 3334 Gabadem.
737 3293 887 3344 Qualis
917 3293 986 3335 vir
1021 3295 1351 3336 alamundarus.
1423 3294 1506 3345 Qui
1545 3295 1694 3336 duces=
1753 3294 1826 3349 qui
1853 3295 2036 3349 phylar-

214 3347 299 3389 chi.
338 3347 457 3402 (17.)
527 3347 753 3390 Exercitus
783 3349 945 3392 Persici
978 3350 1064 3392 dux
1095 3352 1362 3401 Azarethas3
1408 3351 1537 3402 viae,
1575 3347 1910 3394 Alamundarus.
1982 3351 2035 3391 In
2117 3374 2126 3381 -

216 3402 549 3458 Euphratesiam
583 3412 791 3459 properat
823 3421 918 3448 cum
950 3408 1080 3462 copiis
1113 3407 1361 3450 Belisarius.
1426 3408 1622 3450 Abeunte
1664 3407 1781 3449 hoste
1820 3408 2034 3462 sapienter

214 3467 455 3504 cunctatur.
514 3460 721 3506 Paschale
744 3465 912 3516 festum
939 3479 1068 3519 quam
1087 3471 1292 3506 sanctum.
1351 3465 1592 3506 Belisarius
1609 3478 1638 3504 a
1658 3466 1885 3506 temerario
1907 3478 2034 3518 prae-

213 3520 271 3562 lio
293 3534 390 3562 suos
410 3519 676 3564 dehortatur.
734 3521 893 3564 Eorum
911 3522 1202 3566 contumaciae
1218 3522 1330 3565 cedit
1339 3522 1582 3565 Azarethae
1601 3522 1755 3565 concio.
1802 3522 2032 3564 Praelium.
