2254 3814
388 204 510 265 448
1133 207 1467 261 PROCOPH

369 350 538 423 'Caxlcp
575 346 946 417 ξυνενεχθέντα.
1035 345 1192 419 ἄμφω
1228 348 1326 420 γὰρ
1354 348 1542 419 λογίμω
1568 349 1620 411 ἐς
1647 348 1775 419 ἄγαν
1803 349 1856 404 ἕν
1889 373 1941 405 τε
1965 359 2028 423 τῇ
2054 357 2206 407 Βελι-

380 438 561 506 σαριόυ
604 435 736 507 οἰκία
770 432 931 501 ἤστην
967 435 1050 485 καὶ
1084 439 1158 505 τῷ
1190 431 1451 502 Ῥωμαίων
1484 433 1854 504 στρατεύματι,
1902 435 2081 507 ἅτερος
2113 440 2206 505 μέν

378 521 548 573 αὐτῶν
588 521 757 587 Αἶγᾶν
797 520 848 570 ἐν
889 526 995 580 τοῖς
1032 520 1335 588 Βελισοιριόυ
1374 518 1682 591 δορυφόροις
1711 518 2045 587 ταττόμενος,
2095 521 2120 575 ὁ
2151 524 2207 575 δὲ

378 605 575 674 ἕτερος,
623 601 712 656 ἅτε
755 599 993 657 ἁπάντων
1030 601 1408 671 εὐψυχότατος,
1458 605 1517 658 τὸ
1554 614 1761 674 σημεῖον
1796 611 1888 659 τοῦ
1917 613 2205 677 στρατηγοῦ

198 695 236 737 Ρ
267 693 350 738 257
382 692 433 742 ἐν
467 697 580 749 ταῖς
613 687 955 759 παρατάξεσιν
983 689 1180 751 εἰωθώς
1208 690 1404 759 φέρειν,
1454 688 1510 742 ὃν
1540 691 1603 759 δὴ
1626 689 1957 761 βανδοφόρον
1994 697 2244 749 καλοῦσιὸ

373 773 627 841 Ῥωμαῖοι.
718 771 831 826 τότε
870 774 965 843 γὰρ
999 771 1166 828 τούτω
1204 774 1276 827 τώ
1315 773 1467 845 ἄνδρε
1494 774 1707 829 ἱππικῶν
1731 775 2025 846 καταλόγων
2051 775 2207 845 ἡγου-

198 886 243 927 H
276 882 354 927 135
384 859 519 928 μένω
556 859 607 911 ἐν
634 861 898 931 Βυζακίῳ,
945 859 1112 926 ἐπειδὴ
1134 859 1254 921 τούς
1281 861 1654 928 Μαυρουσίους
1676 858 1809 913 εἶδον
1836 859 1902 914 τά
1928 884 1981 915 τε
2010 863 2061 914 ἐν
2087 864 2208 915 ποσὶ

201 971 243 1012 v
270 968 355 1013 400
384 943 705 1015 λῃιζομένους
728 947 810 997 καὶ
834 945 1048 1014 Λίβυας
1075 943 1305 1006 ἅπαντας
1333 946 1383 998 ἐν
1409 942 1744 1015 ἀνδραπόδων
1770 945 1900 1019 λόγῳ
1926 947 2208 1016 ποιησαμέ-

375 1052 523 1095 νους,
562 1027 876 1101 τηρήσαντες
911 1031 963 1082 ἐν
1003 1032 1308 1105 στενοχωρία
1345 1030 1432 1092 ξῦν
1469 1040 1576 1092 τοῖς
1604 1033 1775 1101 σφίσιν
1802 1029 2063 1098 ἑπομένοις
2087 1033 2207 1093 τοὺς
2253 1060 2254 1071 ¹

376 1117 469 1184 τὴν
514 1117 652 1169 λείαν
693 1114 1126 1185 παραπέμποντας
1138 1156 1155 1180 ,
1205 1112 1390 1177 αὐτούς
1415 1137 1467 1168 τε
1495 1117 1740 1169 κτείνουσι
1764 1119 1847 1167 καὶ
1874 1117 1994 1178 τοὺς
2017 1121 2202 1185 αῗχμα-
2221 1128 2243 1172 1

379 1199 575 1264 λώτους
607 1201 945 1271 ἀφαιροῦνται
983 1198 1194 1261 πάντας.
1286 1197 1356 1260 ὥς
1386 1202 1440 1252 δὲ
1465 1193 1613 1261 οὗτος
1640 1198 1666 1252 ὅ
1695 1198 1840 1269 λόγος
1869 1202 1919 1263 ἐς
1942 1207 2044 1254 τῶν
2070 1208 2206 1272 βαρ-

379 1285 556 1357 βάρων
593 1285 714 1347 τοὺς
745 1284 994 1351 ἄρχοντας
1033 1278 1151 1351 ἧκε,
1195 1286 1421 1348 Κουζιάν
1456 1306 1508 1337 τε
1541 1287 1624 1337 καὶ
1646 1283 1949 1339 Ἕσδιλάσαν
1975 1289 2056 1339 καὶ
2076 1287 2206 1340 Ἰου-

377 1369 620 1444 φρούθην
658 1372 740 1423 καὶ
778 1371 1142 1436 ΖΙζὶεδισινίσαν,
1192 1368 1252 1422 οὗ
1293 1369 1494 1439 μακρὰν
1530 1367 1721 1438 ταύτης
1746 1370 1809 1440 δὴ
1839 1376 1930 1438 τῆς
1956 1393 2205 1440 στενοχω-

378 1461 491 1528 ριάς
523 1455 828 1524 ἀπέχοντας,
861 1460 1116 1525 χωροῦσιν
1139 1454 1222 1507 ἐπ’
1257 1455 1446 1516 αὐτοὺς
1467 1457 1618 1509 παντὶ
1641 1460 1712 1529 τῷ
1735 1462 1939 1528 στρατῷ
1966 1459 2076 1527 περὶ
2102 1459 2209 1510 δεί-

374 1549 468 1612 λην
503 1541 678 1610 ὀψίαν.
767 1541 815 1594 οἶ
834 1538 1072 1607 Ῥωμαῖοι
1104 1541 1184 1606 δὲ,
1231 1542 1415 1607 κομιδῆ
1440 1561 1492 1593 τε
1523 1540 1680 1610 ὀλίγοι
1707 1539 1846 1603 ὄντες
1873 1543 1955 1594 καὶ
1979 1544 2030 1594 ἐν
2048 1539 2244 1615 χώρῳ1

307 1639 345 1682 Β
376 1632 534 1701 στενῷ
561 1628 611 1689 ἐς
637 1624 794 1694 μέσον
817 1622 1080 1696 μυριάδων
1105 1630 1306 1679 πολλῶν
1341 1625 1696 1694 ἀπειλημμένοι
1708 1666 1728 1692 ,
1774 1624 2063 1694 ἀμύνεσθαι
2086 1618 2234 1691 τοὺςΙ

371 1711 606 1774 ἐπιόντας
631 1711 725 1779 οὐχ
747 1709 917 1765 οἷοίτε
945 1705 1092 1778 ἦσαν.
1181 1710 1311 1764 ἔνθα
1335 1710 1434 1781 γὰρ
1463 1709 1526 1765 ἂν
1549 1720 1808 1782 τραπεΐεν,
1853 1711 1928 1765 ἀεὶ
1951 1712 2083 1765 κατὰ
2104 1710 2206 1767 νώ-

370 1820 464 1853 του
491 1795 784 1865 ἐβοὶλλοντο.
854 1794 968 1850 τότε
996 1796 1060 1863 δὴ
1083 1794 1348 1867 Ῥουφῖνός
1372 1818 1427 1849 τε
1453 1799 1537 1848 καὶ
1559 1797 1731 1866 Αἶγᾶν
1757 1797 1847 1860 ξὺν
1870 1797 2054 1867 ὀλίγοις
2076 1801 2206 1852 τισὶν

370 1885 422 1946 ἐς
459 1884 647 1953 πέτραν
684 1879 828 1952 ἐγγύς
864 1902 962 1935 που
1008 1876 1169 1935 οὖσαν
1206 1879 1587 1951 ἀναδραμόντες
1624 1882 1826 1935 ἐνθένδε
1856 1882 1976 1944 τοὺς
1996 1881 2205 1953 βαρβά-

371 1990 493 2039 ρους
528 1965 800 2036 ἠμύνοντο.
890 1967 1015 2028 τέως
1048 1968 1139 2034 μὲν
1185 1961 1304 2032 οὖν,
1345 1967 1437 2028 ἕως
1472 1975 1581 2028 τοῖς
1616 1965 1783 2030 τόξοις
1811 1969 2062 2042 ἐχρῶντο,
2111 1968 2205 2022 οὐκ

369 2052 597 2121 ἐτόλμων
624 2054 795 2123 σφίσιν
823 2053 877 2105 ἐκ
902 2057 994 2104 τοῦ
1022 2051 1202 2114 εὐθέος
1223 2053 1274 2114 ἐς
1294 2061 1471 2122 χεῖρας
1501 2053 1669 2105 ἐλθεῖν
1698 2053 1747 2106 οἳ
1779 2053 2006 2119 πολέμιοι
2019 2095 2036 2118 ,
2074 2053 2204 2107 ἀλλὰ

370 2139 466 2200 τὰς
506 2137 693 2206 αἰχμὰς
728 2134 1073 2206 ἐσηκόντιζον·
1112 2136 1214 2190 ἐπεὶ
1250 2138 1306 2189 δὲ
1340 2138 1405 2190 τὰ
1430 2137 1556 2206 βέλη
1582 2136 1784 2190 ἅπαντα
1810 2143 1947 2208 σφᾶς
1968 2138 2067 2207 ἤδη
2096 2141 2205 2191 ἐπι-

370 2225 602 2290 λελοίπει,
651 2224 703 2276 οἵ
721 2244 774 2276 τε
802 2219 1135 2293 Μαυρούσιοι
1160 2221 1335 2285 αὐτοῖς
1359 2223 1410 2286 ἐς
1432 2230 1605 2295 χεῖρας
1627 2217 1796 2292 ἦλθον
1824 2226 1908 2276 καὶ
1930 2223 2075 2277 αὐτοὶ
2098 2232 2204 2286 τοῖς

485 2390 555 2433 12.
604 2387 835 2441 ,,κουζιάν
874 2387 1023 2444 Reg.“
1073 2386 1223 2431 Mam.
1270 2387 1346 2430 Sic
1386 2387 1544 2431 ALHm
1586 2391 1632 2431 et
1679 2388 1774 2432 RV.
1832 2389 2067 2442 Κουζῒναν
2108 2388 2203 2433 ΗΡ.

483 2451 555 2493 13.
587 2447 670 2503 τῆς
699 2447 798 2490 add.
827 2446 880 2489 L.
994 2447 1063 2492 16.
1090 2446 1264 2503 μέσον]
1294 2444 1445 2502 μέσων
1474 2445 1527 2488 L.

368 2602 611 2646 universam
639 2601 966 2645 conturbabant.
1025 2599 1246 2658 Siquidem
1274 2605 1397 2646 erant
1425 2602 1547 2646 ambo
1576 2601 1690 2646 inter
1717 2599 1918 2644 Belisarii
1947 2599 2202 2644 domesticos

367 2666 414 2702 et
440 2660 484 2702 in
513 2659 705 2702 exercitu
734 2658 924 2702 Romano
972 2656 1223 2702 clarissimi=
1271 2660 1407 2715 Aigan
1438 2660 1607 2716 quidem
1634 2659 1821 2717 stipator
1850 2662 1944 2700 erat
1983 2657 2202 2711 Belisarii,

365 2716 544 2759 Rufinus
574 2722 732 2769 autem,
762 2715 934 2758 virtutis
966 2729 1068 2770 ergo
1099 2731 1151 2759 ac
1179 2716 1446 2760 strenuitatis
1475 2717 1670 2767 eximiae,
1710 2716 1907 2759 vexillum
1936 2715 2200 2758 Praetorium

362 2774 410 2816 in
440 2773 611 2830 praeliis
641 2774 757 2816 ferre
786 2778 1092 2816 consueverat:
1136 2787 1220 2829 quo
1251 2787 1423 2817 munere
1452 2775 1698 2830 fungentem
1726 2772 1905 2816 Romani
1936 2772 2202 2815 bandiferum
2226 2775 2233 2819 ’,

362 2837 535 2874 vocant.
593 2830 650 2872 Hi
688 2835 791 2872 tunc
831 2831 961 2873 duces
1003 2829 1195 2885 equitum
1235 2832 1280 2874 in
1321 2831 1544 2887 provincia
1579 2832 1829 2886 Byzacena,
1878 2828 1949 2871 ubi
1979 2844 2005 2871 a
2037 2828 2203 2872 Mauris
2221 2821 2239 2867 3

362 2888 491 2931 obvia
520 2901 716 2943 quaeque
745 2888 866 2943 rapi,
911 2893 955 2930 et
982 2887 1112 2930 Afros
1141 2902 1282 2932 omnes
1311 2889 1466 2931 abduci
1495 2888 1539 2930 in
1568 2887 1818 2930 servitutem
1851 2886 2075 2936 viderunt,
2107 2885 2225 2928 via-³

360 2958 454 2988 rum
483 2944 699 3000 angustias
729 2945 935 2987 obsedere
964 2959 1056 2987 cum
1086 2944 1198 2998 suis,
1240 2953 1286 2989 et
1316 2946 1501 3001 praedae
1531 2945 1803 2988 abactoribus
1832 2942 2117 2994 imminentes,
2146 2942 2203 2984 il-
2228 2944 2231 2953 ⁴

359 3001 414 3044 lis
443 3001 624 3053 occisis,
665 3001 860 3058 captivos
890 3016 1031 3044 omnes
1060 3010 1333 3058 receperunt.
1402 3002 1551 3045 Cladis
1587 3001 1736 3044 nuntio
1766 2999 1969 3056 permoti,
2015 2998 2087 3054 qui
2117 3003 2223 3051 ηοῐιξ,

358 3060 510 3115 procul
533 3060 728 3109 aberant,
758 3059 1047 3101 Barbarorum
1072 3058 1203 3102 duces
1220 3091 1233 3112 ,
1264 3059 1467 3110 Cuzinas‚
1497 3059 1715 3107 Isdilasas‚
1744 3057 2002 3113 Iuphruthes
2025 3070 2076 3097 ac
2102 3056 2227 3098 Me-¹

358 3116 574 3165 disinisas‚
604 3129 746 3157 omnes
769 3130 819 3157 eo
852 3115 997 3171 copias
1029 3122 1292 3172 promovent,
1322 3117 1527 3159 inclinata
1556 3115 1639 3157 iam
1669 3114 1751 3156 die.
1810 3112 2006 3164 Romani,
2038 3127 2129 3154 cum
2153 3112 2219 3156 et²

357 3173 487 3229 pauci
527 3172 748 3214 admodum
779 3179 945 3223 essent,
996 3179 1201 3228 arctoque
1229 3175 1275 3216 in
1316 3174 1457 3230 spatio
1497 3172 1640 3214 multis
1679 3171 1862 3213 millibus
1904 3171 2218 3224 cingerentur,'

358 3243 443 3272 non
468 3228 743 3272 sufficiebant
773 3229 1085 3284 propulsandae
1118 3230 1403 3285 impressioni.
1459 3230 1570 3272 Nam
1600 3242 1854 3284 quocunque
1884 3242 1932 3269 se
1960 3231 2217 3286 verterent„

360 3301 508 3330 eorum
537 3292 664 3341 terga
692 3285 919 3327 missilibus
948 3285 1204 3340 figebantur.
1265 3289 1377 3330 Tum
1416 3285 1598 3327 Rufinus
1628 3290 1673 3326 et
1713 3285 1852 3339 Aigan
1881 3298 1973 3326 cum
2003 3283 2196 3340 pauculis

359 3343 404 3386 in
446 3343 628 3386 vicinam
667 3356 814 3398 rupem
853 3355 978 3383 cursu
1009 3343 1220 3395 evadunt,
1272 3348 1404 3398 atque
1432 3342 1532 3384 iude
1569 3342 1785 3384 Barbaros
1831 3341 2075 3397 prohibent.
2134 3340 2196 3386 Et

360 3402 549 3457 quandiu
580 3399 748 3457 quidem
778 3400 960 3442 arcubus
990 3398 1057 3440 usi
1090 3405 1215 3449 sunt,
1247 3401 1412 3454 refugit
1439 3399 1575 3442 hostis
1606 3405 1725 3442 recta
1754 3398 1954 3455 impetum
1985 3398 2118 3447 dare,
2149 3399 2215 3444 et'

363 3472 506 3501 manus
538 3470 786 3513 conserere,
835 3456 910 3498 sed
938 3455 1111 3498 vibrare
1153 3457 1316 3513 spicula
1345 3455 1450 3499 satis
1481 3454 1643 3498 habuit.
1712 3456 1800 3498 Ubi
1828 3470 1929 3497 vero
1969 3455 2211 3510 pharetras,

365 3517 627 3568 exhausere,
654 3519 758 3558 tunc
788 3513 950 3557 demum
979 3513 1158 3557 Maurus
1197 3520 1365 3557 certare
1395 3513 1606 3568 cominus,
1653 3512 1833 3556 Romani
1862 3513 2072 3567 repellere
2100 3511 2215 3566 gla-.
