2254 3814
333 156 453 211 322
1087 152 1423 206 PROCOPII

329 297 461 351 ναικὶ
486 298 726 360 ξυνοικῶν
752 293 989 364 εὐπρεπεῖ
1008 292 1104 361 τὴν
1132 290 1256 362 ὄψιν
1280 291 1330 355 ἔς
1358 291 1485 362 ἀγαν
1508 289 1653 363 οὔσῃ.
1742 288 1908 344 ταῦτά
1939 312 2017 344 τοι
2047 289 2169 345 οὗδέ

329 403 379 435 τι
414 377 704 434 ἀνεσώσατο
739 383 802 448 τῇ
840 379 1071 452 βασιλείᾳ
1095 371 1165 431 ὧν
1193 376 1427 448 ἀφῄρητο
1464 374 1742 449 πρότερον,
1784 376 1917 429 ἀλλά
1946 379 2030 428 καὶ
2054 379 2166 430 Λι-

328 463 462 534 βύην
496 460 859 533 προσαπώλεσε
898 464 982 515 καὶ
1020 462 1177 524 αὐτὸς
1216 460 1441 532 ἐφθάρη.
1530 464 1614 514 καὶ
1647 461 1817 529 ἐπειδὴ
1853 459 2158 530 ἐτελεύτησε,

330 555 395 620 τῇ
423 570 476 601 τε
502 549 697 616 γυναικὶ
720 556 830 608 ταῖς
853 568 907 600 τε
930 550 1074 601 παισὶ
1101 545 1433 618 δοριαλώτοις
1471 547 1712 616 γενέσθαι
1750 545 2000 610 ξυνέπεσε.
2083 545 2165 615 γε’-

329 654 442 704 γονε
470 634 526 685 δὲ
553 625 651 686 ὧδε
677 632 737 685 τὸ
762 633 811 684 ἐν
838 629 1023 703 Λιβύῃ
1049 629 1239 694 πάθος.
2179 648 2206 691 5

500 717 782 788 Στρατηγὼ
809 715 914 793 δύο.
932 715 1171 784 Ῥωμαῖοι
1191 715 1381 785 ἤστην,
1419 711 1606 778 Ἀέτιός
1632 736 1685 768 τε
1722 716 1806 768 καὶ
1830 710 2164 784 Βονιφοῖτιος,

330 800 560 874 καρτερώ
603 823 658 855 τε
702 803 754 863 ἐς
791 802 857 854 τοὶ
892 799 1116 870 μάλιστα
1165 803 1250 854 καὶ
1286 790 1490 854 πολλῶν
1531 799 1764 866 πολέμων
1803 801 2021 867 ἐμπείρω
2062 804 2166 852 τῶν

327 908 382 957 γε
404 887 520 940 κατ’
553 888 739 940 ἐκεῖνον
766 886 855 939 τὸν
876 883 1063 955 χρόνον
1095 885 1300 950 οὐδενὸς
1321 880 1499 954 ἧσσον.
1572 883 1740 939 τούτω
1767 884 1841 938 τιὺ
1867 884 2019 954 ἄνδρε
2050 885 2166 936 δια-

330 969 476 1043 φόρω
510 973 603 1040 μὲν
638 972 704 1024 τὰ
729 971 961 1024 πολιτικὰ
1000 970 1298 1042 ἐγενέσθην,
1350 974 1401 1034 ἐς
1424 976 1670 1025 τοσοῦτον
1694 971 1750 1022 δὲ
1785 970 2169 1038 μεγαλοψυχίας

270 1070 308 1113 C
336 1078 390 1110 τε
413 1059 497 1110 καὶ
522 1062 614 1124 τῆς
637 1055 794 1123 ἄλλης
819 1055 1002 1127 ἀρετῆς
1024 1054 1206 1126 ἡκέτην
1233 1054 1387 1122 ὥστε,
1437 1056 1486 1108 εἷ’
1506 1077 1579 1117 τις
1602 1055 1777 1108 αὐτοῖν
1810 1052 2047 1123 ἑκάτερον
2075 1053 2165 1105 ἅν-
2185 1072 2237 1113 10

326 1145 427 1212 δρα
455 1139 716 1209 Ῥωμαίων
753 1138 977 1194 ὕστατον
1018 1142 1177 1208 εἶ’ποι,
1225 1142 1317 1195 οὔκ
1359 1140 1423 1194 ἂν
1465 1138 1712 1210 ἁμάρτοι·
1762 1138 1896 1192 οὕτω
1924 1139 2017 1207 τὴν
2042 1135 2167 1191 Ῥω-

325 1228 492 1295 μαίων
528 1226 711 1297 ἀρετὴν
753 1223 1025 1292 ξύμπασαν
1067 1227 1118 1287 ἔς
1136 1293 1138 1295 ¹
1155 1224 1322 1279 τούτω
1347 1225 1420 1278 τῶ
1447 1223 1599 1295 ἄνδρε
1624 1224 1995 1294 ἀποκεκρίσθαι
2021 1220 2168 1276 τετύ-

325 1333 463 1379 χηκε.
551 1307 753 1364 τούτοιν
804 1311 894 1364 τὸν
947 1310 1114 1381 ἕτερον
1154 1308 1470 1380 Βονιφάτιον
1507 1307 1840 1379 ἡ.Πλακιδιά
1882 1307 2168 1378 στρατηγὸν

328 1396 553 1459 ἀπέδειξε
577 1391 789 1463 Λιβύης
815 1391 1034 1463 ἁπάσης.
1078 1402 1232 1449 τοῦτο
1263 1396 1317 1449 δὲ
1346 1395 1404 1449 οὗ
1430 1394 1728 1466 βουλομένῳ
1753 1388 1818 1462 ἦν
1832 1392 2024 1465 Ἀετίῳ,
2055 1391 2164 1445 ἀλλ’

326 1479 509 1549 ἥκιστά
535 1501 589 1550 γε
619 1477 688 1542 ὥς
716 1479 872 1534 αὐτὸν
899 1479 992 1534 οὐκ
1018 1480 1213 1551 ἀρέσκει
1244 1478 1513 1550 ἐξήνεγκεν.
1605 1478 1748 1532 οὔπω
1781 1477 1878 1548 γὰρ
1918 1478 2094 1531 αὐτοῖν
2131 1474 2235 1546 ἦ15

327 1563 495 1635 ῗχθρα
520 1567 570 1627 ἐς
594 1570 705 1636 φῶς
733 1563 1002 1633 ἐληλύθει,
1050 1566 1167 1620 ἀλλ’
1200 1563 1300 1621 ὕπὸ
1334 1570 1407 1638 τῷ
1431 1566 1732 1637 προσωπείῳ
1768 1561 1987 1635 ἑκατέρῳ
2019 1560 2168 1630 ἐκρύ-

326 1671 495 1704 πτετο.
585 1651 688 1703 ἐπεὶ
715 1651 770 1704 δὲ
793 1648 819 1704 ὃ
846 1648 1159 1724 Βονιφάτιος
1186 1651 1412 1705 ἐκποδὼν
1439 1646 1679 1720 ἐγεγόνει,
1726 1648 1986 1713 διέβαλλεν
2009 1647 2167 1700 αὐτὸν

325 1733 378 1798 ἔς
403 1736 497 1804 τὴν
521 1737 811 1790 Πλακιδίαν
842 1735 911 1798 ὥς
946 1738 1219 1808 τυραννοιή
1234 1777 1250 1803 ,
1299 1730 1655 1805 ἀποστερήσας
1685 1729 1845 1801 αὐτήν
1874 1754 1926 1784 τε
1957 1735 2039 1784 καὶ
2063 1739 2168 1800 βα-

326 1819 469 1874 σιλέα
503 1817 718 1887 Λιβύης
755 1818 987 1888 ἁπάσης,
1030 1818 1208 1894 ῥᾴδιόν
1247 1841 1300 1874 τε
1336 1817 1461 1873 εἶναι
1494 1819 1626 1891 αὐτῇ
1663 1817 1794 1886 ἔλεγε
1830 1816 2056 1884 τάληθὲς
2084 1818 2167 1879 ἔξ-

261 1915 301 1960 D
331 1913 489 1976 ευρεΐν
506 1922 518 1934 ·
563 1903 628 1973 ἢν
650 1905 748 1974 γὰρ
774 1904 1152 1974 μεταπέμποιτο
1176 1901 1490 1976 Βονιφάτιον
1512 1905 1564 1965 ἐς
1581 1900 1810 1971 Ῥώμην,
1861 1902 1921 1954 οὐ
1944 1900 2017 1970 μή
2042 1923 2163 1955 ποτε
2178 1921 2237 1964 20

325 1989 472 2062 ἔλθῃ.
561 1990 667 2043 ἐπεὶ
706 1989 761 2042 δὲ
799 1994 965 2043 ταῦτα
1000 1989 1214 2059 ἤκουσεν
1254 1988 1284 2057 ὴ
1329 1988 1485 2059 γυνὴ,
1533 1981 1587 2041 εὖ
1623 1988 1683 2041 τέ
1713 1987 1760 2041 οἳ
1798 1989 1948 2039 εἰπεῖν
1976 1987 2167 2050 Ἀέτιος

326 2074 465 2138 ἔδοξε
505 2075 592 2127 καὶ
629 2073 761 2127 κατὰ
797 2080 964 2129 ταῦτα
1008 2075 1176 2128 ἐποίει.
1264 2070 1586 2144 προτερήσας
1639 2074 1694 2126 δὲ
1734 2071 1922 2132 Ἀέτιος
1973 2070 2165 2141 ἔγραψε

329 2159 459 2231 πρὸς
482 2157 795 2230 Βονιφοὶτιον
834 2156 1013 2231 λάθρα
1044 2157 1113 2222 ὥς
1145 2155 1460 2229 ἐπιβουλεύοι
1489 2157 1630 2233 αῧτῷ
1658 2155 1691 2228 ἦ
1714 2156 1966 2227 βασιλέως
1990 2154 2163 2229 μήτηρ

438 2324 511 2368 23.
540 2320 861 2381 ἐπιβουλεύοι]
889 2322 1176 2383 ἐπιβουλεύει
1204 2326 1254 2369 Α.

326 2478 448 2509 mam.
509 2465 656 2517 Quare
685 2464 793 2508 adeo
822 2479 906 2510 non
929 2480 1074 2510 eorum
1104 2466 1359 2524 quidquam,
1391 2479 1505 2523 quae
1532 2463 1653 2522 prius
1683 2464 1826 2508 ablata
1855 2466 2050 2518 fuerant,
2079 2465 2162 2508 Im-

327 2521 449 2579 perio
479 2522 780 2578 recuperavit,
818 2529 867 2565 ut
893 2523 1068 2580 insuper
1098 2524 1310 2576 Africam,
1338 2524 1461 2567 immo
1490 2537 1594 2567 vero
1623 2522 1754 2565 vitam
1784 2522 1996 2574 amiserit,
2027 2537 2164 2578 eoque

327 2582 518 2630 mortuo,
558 2579 604 2621 in
633 2593 779 2622 manus
808 2580 994 2623 hostium
1021 2581 1187 2624 venerit
1215 2588 1343 2638 capta
1372 2595 1464 2624 cum
1493 2579 1663 2623 filiabus
1704 2593 1832 2622 uxor:
1882 2579 1945 2622 sic
1984 2579 2164 2633 demum,

328 2640 376 2683 ut
404 2634 568 2687 dicam,
595 2635 770 2679 Africae
798 2636 1016 2680 calamitas
1044 2638 1243 2694 contigit.

440 2691 585 2734 Duces
614 2698 738 2735 erant
759 2693 937 2737 Romani
966 2694 1076 2748 duo,
1109 2695 1253 2737 Aetius
1282 2697 1329 2737 et
1349 2691 1623 2746 Bonifacius,
1651 2691 1901 2745 fortissimi,
1929 2707 2009 2736 nec
2029 2693 2164 2735 minus

328 2761 452 2804 quam
482 2747 626 2803 quivis
654 2750 892 2801 hominum,
935 2765 1042 2806 quos
1072 2751 1147 2795 illa
1175 2751 1278 2794 tulit
1306 2757 1455 2803 aetas,
1500 2763 1579 2793 usu
1609 2749 1814 2792 bellorum
1843 2749 2036 2792 exerciti.
2097 2749 2164 2792 Illi

328 2803 501 2861 quidem
540 2804 584 2847 in
625 2805 959 2850 administranda
998 2808 1233 2863 Republica
1270 2806 1382 2850 inter
1429 2821 1479 2850 se
1515 2806 1845 2864 discrepabant3
1898 2812 2018 2849 tanta
2055 2820 2161 2849 vero

329 2860 458 2905 animi
495 2861 814 2916 magnitudine,
859 2877 996 2920 eoque
1036 2866 1214 2908 virtutis
1254 2865 1417 2907 cumulo
1460 2863 1644 2920 praediti
1674 2867 1822 2914 erant,
1867 2868 1917 2905 ut
1947 2877 2047 2906 vere
2076 2861 2162 2905 dici

327 2916 467 2984 possit
493 2921 677 2972 uterque
713 2919 781 2961 vir
816 2933 997 2963 summus
1025 2922 1338 2965 Romanoruma
1391 2919 1585 2965 nimirum
1618 2922 1807 2964 Romana
1847 2919 1983 2962 virtus
2027 2921 2161 2961 omnis

325 2988 373 3019 m
411 2987 491 3029 par
531 2973 637 3017 illud
673 2975 952 3019 confluxerat.
1032 2978 1138 3021 Cum
1183 2977 1449 3020 Bonifacium
1491 2977 1716 3018 universae
1756 2975 1949 3018 comitem
1990 2976 2162 3019 Africae

330 3029 520 3072 placidia
549 3030 832 3086 declarasset,
873 3048 1003 3088 aegre
1031 3034 1078 3076 id
1108 3034 1274 3091 quidem
1305 3035 1479 3085 Aetius,
1509 3034 1688 3075 obscure
1715 3037 1855 3074 tamen
1883 3047 1935 3075 ac
1965 3032 2162 3075 dissimu-

328 3087 468 3130 lanter
498 3087 682 3133 ferebat.
761 3090 959 3132 Nondum
999 3091 1108 3133 enim
1153 3105 1295 3134 eorum
1339 3089 1575 3132 simultates
1615 3095 1872 3144 eruperant,
1921 3090 1996 3131 sed
2037 3090 2159 3131 vultu

328 3148 508 3200 uterque
545 3144 720 3187 mentito
761 3145 902 3188 odium
944 3147 1199 3190 occultabat.
1260 3148 1418 3190 Postea
1459 3159 1563 3188 vero
1604 3160 1726 3201 quam
1756 3145 1953 3188 discessit
1982 3146 2158 3189 Bonifa-

328 3200 449 3251 cius,
475 3198 530 3242 ad
561 3199 798 3244 Placidiam
826 3201 977 3244 Aetius
1006 3203 1182 3254 detulit,
1223 3203 1411 3245 Africam
1442 3216 1601 3244 omnem
1630 3202 1715 3257 ipsi
1745 3209 1789 3244 et
1818 3202 2071 3259 Imperatori
2101 3203 2155 3244 ab

329 3257 404 3300 illo
432 3256 516 3299 iam
541 3261 723 3312 tyranno
755 3261 965 3314 ereptam:
1005 3258 1210 3310 subiecit,
1244 3273 1389 3302 verum
1419 3258 1683 3314 deprehendi
1710 3259 1839 3301 facile
1868 3273 1993 3315 posse
2008 3263 2025 3300 ε’
2049 3273 2156 3301 nun-

330 3327 454 3369 quam
483 3312 591 3356 enim
619 3319 842 3357 venturum
870 3313 1162 3366 Bonistacium,
1192 3314 1229 3357 si
1257 3315 1431 3358 Romam
1463 3315 1686 3359 acciretur.
1744 3315 1825 3357 His
1850 3315 2024 3367 auditis,
2055 3330 2155 3371 pro-

332 3369 452 3413 bavit
484 3369 702 3414 consilium
729 3371 915 3423 femina,
959 3376 1002 3414 et
1032 3370 1234 3428 explevit.
1290 3371 1576 3414 Praemiserat
1603 3371 1684 3415 iam
1714 3371 1863 3414 Aetius
1893 3386 2070 3414 arcanas
2099 3370 2155 3413 ad

330 3426 596 3472 Bonifacium
634 3427 809 3480 literas,
855 3441 932 3487 per
971 3442 1078 3486 quas
1115 3427 1386 3484 significabat
1421 3428 1615 3472 insidiari
1651 3428 1738 3486 ipsi
1764 3428 2038 3486 Imperatoris
2065 3442 2153 3472 ma-
