2184 3822
256 151 373 213 124
414 108 416 111 1
1000 132 1334 207 PROCOPII

250 295 451 367 ἔτρεχον
477 288 568 349 οὖν
589 293 672 348 ἐπ’
701 291 887 355 αὖτοὺς
924 290 951 346 ὃ
983 291 1110 354 λεώς
1133 290 1299 359 ἅπας,
1346 292 1560 361 βασιλέα
1599 313 1653 345 τε
1671 288 1922 346 ςΥπάτιον
1945 293 2070 363 ἄνη-

248 380 455 455 γόρευον
467 423 484 448 ,
530 384 613 435 καὶ
642 379 795 433 αὐτὸν
819 375 888 440 ὥς
913 375 1348 448 παραληψόμενον
1363 379 1428 432 τὰ
1454 375 1727 450 πράγματα
1753 379 1804 440 ἔς
1827 379 1921 448 τὴν
1947 378 2070 448 ἆγο-

255 468 350 538 ρὰν
375 462 513 536 ἦγον.
561 464 591 534 ἦ
621 466 675 517 δὲ
697 462 943 517 ιΥπατίου
981 464 1104 533 γυνὴ
1133 465 1355 536 Μαρία,
1415 461 1591 532 ξυνετή
1623 486 1676 518 τε
1714 457 1844 517 οὖσα
1871 467 1954 516 καὶ
1980 461 2070 517 δό-

245 558 337 617 ξαν
362 555 439 605 ἐπὶ
465 546 772 621 σωφροσύνῃ
798 550 1036 618 μεγίστην
1061 548 1248 617 ἔχουσα
1261 591 1278 615 ,
1326 549 1481 617 εἴχετο
1520 550 1613 618 μὲν
1647 553 1741 602 τοῦ
1779 548 1965 619 ἀνδρὸς
1986 551 2071 602 καὶ

243 639 301 691 οὗ
330 638 524 704 μεθίει,
571 632 696 701 ἐβόα
720 635 775 687 δὲ
804 634 1023 706 ὀλολυγῇ
1043 656 1098 688 τε
1115 634 1350 705 χρωμένη
1371 636 1454 687 καὶ
1479 644 1585 696 τοῖς
1611 635 1910 703 ἐπιτηδείοις
1935 633 2111 687 ἄπα-5

84 728 121 771 Ρ
156 729 213 775 72
243 744 321 776 σιν
345 720 693 791 ἐγκελευομένη
722 717 791 782 ὥς
813 719 970 774 αὐτὸν
995 719 1088 789 τὴν
1113 721 1191 772 ἐπὶ
1216 717 1430 792 θανάτῳ
1450 720 1497 772 οἶ
1524 723 1678 789 δῆμοι
1701 719 1882 789 ἄγοιεν.
1914 717 2071 790 ὓπερ-

241 807 543 875 βιαζομένου
574 807 743 858 τοίνυν
771 810 864 858 τοῦ
903 803 1110 874 ὁμίλου,
1168 802 1299 875 αὐτή
1338 826 1391 858 τε
1427 804 1521 874 οὐχ
1555 803 1740 858 ἑκοῦσα
1762 810 1956 874 μεθῆκε
1981 806 2071 858 τὸν

243 893 408 963 ἄνδρα
430 894 513 944 καὶ
541 890 696 944 αὐτὸν
721 888 746 944 ὅ
776 891 900 952 λεώς
928 889 1038 944 οῦτι
1063 887 1292 943 ἑκούσιον
1315 891 1367 952 ές
1390 889 1481 958 τὴν
1514 891 1909 944 Κωνσταντίνου
1948 889 2072 959 ἇγο-
2151 894 2158 900 ’

243 978 340 1050 ρὰν
375 976 564 1047 ἥκοντα
606 977 657 1038 ἒς
691 975 784 1045 τὴν
816 978 1077 1044 βασιλείαν
1113 972 1360 1041 ἐκάλουν,
1420 977 1503 1027 καὶ
1541 975 1636 1049 (οὗ
1668 975 1764 1045 γὰρ
1793 969 1856 1043 ἦν
1895 975 2070 1036 αὐτοῖς
2108 1002 2113 1008 ·
2161 1008 2163 1010 -

243 1063 359 1118 οὕτε
398 1060 626 1131 διάδημα
662 1060 776 1115 οὔτε
813 1083 861 1114 τι
911 1061 1034 1115 ἄλλο
1075 1053 1145 1114 ὧν
1182 1060 1245 1129 δὴ
1290 1060 1504 1128 βασιλέα
1541 1059 1941 1131 περιβάλλεσθαι
1980 1058 2139 1114 νό-10

241 1148 373 1220 μσς)
399 1143 646 1219 στρεπτόν
672 1168 784 1200 τινα
807 1152 1036 1216 χρυσοῦν
1061 1148 1138 1199 ἐπὶ
1162 1151 1226 1216 τῇ
1249 1151 1443 1218 κεφαλῇ
1471 1146 1675 1214 θέμενοι
1698 1146 1912 1214 βασιλέα
1934 1143 2072 1199 ‘Pm-

242 1237 408 1304 μαίων
444 1234 663 1286 ἀνεῖπον.
719 1232 818 1300 ἤδη
843 1233 898 1285 δὲ
935 1234 1019 1285 καὶ
1050 1232 1104 1284 ἐκ
1144 1235 1248 1284 τῶν
1287 1233 1342 1284 ἔκ
1379 1237 1571 1301 βουλῆς
1606 1230 1906 1296 ξυνιόντων,
1960 1230 2072 1285 ὅσοι

245 1319 339 1374 οὐκ
368 1317 764 1389 ἀπολειφθέντες
790 1314 1061 1387 ἐτύγχανον
1097 1315 1148 1369 ἔν
1186 1321 1251 1387 τῇ
1278 1317 1531 1384 βασιλέως
1561 1317 1720 1389 αὐλῇ,
1765 1319 1948 1370 πολλαὶ
1978 1318 2071 1384 μὲν

243 1406 471 1475 ἐλέγοντο
509 1409 707 1474 γνῶμαι
757 1399 826 1463 ὥς
875 1402 1050 1463 αὐτοῖς
1094 1399 1226 1454 ῗτέον
1274 1401 1660 1471 ἆγωνιουμένοις
1699 1403 1751 1464 ἐς
1788 1399 2065 1455 παλάτιον·

238 1489 508 1561 Ὠριγένης
532 1490 613 1553 δὲ,
656 1487 784 1557 ἀνὴρ
807 1488 860 1538 ἐκ
888 1493 1107 1555 βουλῆς,
1156 1486 1431 1557 παρελθὼν
1458 1485 1588 1551 ἔλεξε
1615 1484 1785 1542 τοιάδε
1828 1486 1955 1554 „Ta
1977 1488 2070 1555 μὲν
2082 1498 2137 1543 15

242 1573 473 1646 παρόντα
497 1571 648 1642 ἡμῖν,
690 1567 731 1626 ὦ
765 1571 946 1643 ἄνδρες
978 1569 1248 1640 Ῥωμαῖοι,
1294 1569 1571 1643 πράγματα
1607 1573 1680 1642 μὴ
1719 1571 1831 1641 οὐχὶ
1865 1573 2068 1646 πολέμῳ
2148 1635 2153 1640 ι

240 1663 570 1731 διακριθῆναι
615 1658 708 1726 οὐχ
751 1655 857 1712 οἷόν
898 1679 968 1711 τε.
1013 1655 1234 1724 πόλεμος
1268 1658 1325 1710 δὲ
1364 1660 1447 1711 καὶ
1479 1661 1712 1725 βασιλεία
1749 1657 1814 1712 τὰ
1856 1657 2069 1728 μέγιστα
2149 1657 2165 1672 ”

170 1752 208 1794 Β
239 1751 342 1800 τῶν
384 1747 437 1800 ἐν
474 1742 770 1815 ἀνθρώποις
813 1740 1052 1797 ἁπάντων
1086 1740 1408 1813 ὡμολόγηται
1444 1741 1584 1798 εἶναι.
1629 1749 1733 1798 τῶν
1762 1745 1818 1797 δὲ
1842 1743 1906 1812 δὴ
1931 1740 2070 1814 πρά-

237 1835 361 1894 ξεων
398 1854 450 1884 αι
490 1828 704 1899 μεγάλαι
741 1829 803 1884 οὗ
836 1825 1118 1900 βραχύτητι
1155 1833 1336 1899 καιροῦ
1367 1834 1766 1935 κατορθοῦσθαι
1802 1829 2063 1895 θέλουσιν,
2143 1855 2184 1922 ⁸,

82 1922 124 1966 H
152 1919 207 1967 41
238 1916 356 1970 ἀλλ’
399 1916 640 1990 εὐβουλία
674 1937 728 1969 τε
754 1919 1007 1984 λογισμῶν
1047 1916 1131 1967 καὶ
1164 1910 1340 1976 πόνοις
1363 1912 1648 1983 σωμάτων,
1697 1936 1823 1985 απερ
1853 1913 2184 1984 άνθρω-’201
2143 1946 2184 2010 Μ

230 2025 317 2056 ποι
353 2002 405 2064 ἔς
441 1997 628 2071 χρόνου
661 2006 822 2070 μῆκος
863 2001 1211 2054 ἐνδείκνυνται.
1253 2022 1318 2070 ην
1350 2001 1444 2065 μεν
1472 2023 1564 2055 ουν
1593 2002 1671 2053 ἐπὶ
1709 2000 1799 2054 τὸν
1825 1999 2065 2068 πολέιιιον
2139 1982 2184 2049 *Ὗ

232 2090 421 2156 ιοιμεν,
467 2088 546 2139 ἐπὶ
581 2090 736 2159 ξυροῦ
769 2087 861 2155 μὲν
897 2085 1064 2154 ἀκμῆς
1095 2085 1160 2139 τὰ
1196 2081 1472 2156 πράγματα
1495 2084 1617 2155 ἡμῖν
1639 2082 1907 2155 στήσεται,
1952 2087 2066 2155 περὶ

232 2173 288 2226 δὲ
311 2177 414 2227 τῶν
439 2169 570 2227 ὅλων
593 2173 646 2227 ἓν
680 2178 870 2244 βραχεῖ’
900 2164 1371 2240 διακινδυνεῦσομεν
1405 2168 1575 2248 χρόνῳ
1591 2212 1610 2240 ,
1656 2176 1760 2226 τῶν
1783 2172 1839 2225 δὲ
1865 2167 2066 2241 ἀποβή-

235 2365 494 2409 acclamatur
526 2363 767 2421 Hypatius,
803 2366 848 2406 et
877 2363 921 2406 in
953 2365 1114 2418 forum,
1153 2366 1204 2407 ut
1244 2362 1308 2406 ibi
1334 2364 1524 2418 habenas
1549 2377 1688 2408 rerum
1716 2379 1767 2408 ca
1799 2368 1944 2414 essat,
1986 2363 2064 2406 de-

234 2422 440 2476 ducitur,
484 2422 713 2464 comitante
742 2436 878 2464 uxore
908 2423 1113 2477 (Mariae
1140 2436 1288 2465 nomen
1319 2423 1446 2479 erat)
1490 2423 1650 2466 femina
1679 2436 1757 2479 pru
1790 2423 1930 2465 entiae
1958 2435 2063 2464 con-

232 2479 524 2535 tinentiaeque
553 2478 718 2522 laudem
762 2479 923 2535 adepta
962 2479 1194 2523 maximam.
1253 2479 1376 2522 Haec
1414 2479 1609 2523 maritum
1637 2486 1856 2522 retentans
1884 2493 1966 2522 nec
1994 2475 2063 2521 di-

234 2536 433 2586 mittens,
478 2536 680 2578 inclinata
721 2537 982 2593 ululantique
1012 2551 1119 2579 voce
1147 2537 1383 2589 clamabat,
1424 2536 1630 2581 hominem
1659 2537 1715 2579 ad
1742 2544 1920 2579 mortem
1949 2536 2062 2592 rapi,

235 2599 281 2636 et
310 2594 533 2636 amicorum
575 2593 753 2636 omnium
797 2607 847 2636 ac
892 2594 1226 2637 necessariorum
1261 2608 1385 2650 opem
1422 2593 1695 2651 implorabat.
1753 2593 1841 2636 Sed
1870 2593 2063 2636 multitu-

236 2650 336 2693 dine
366 2650 667 2705 praevalente,
709 2651 929 2694 abstracta
969 2666 995 2694 a
1023 2651 1119 2695 viro
1162 2651 1426 2709 depulsaque
1456 2658 1547 2693 est·
1579 2665 1701 2708 quem
1731 2650 1918 2720 populus
1947 2649 2063 2693 invi-

234 2714 322 2750 tum
351 2707 454 2749 licet
483 2721 534 2749 ac
564 2706 815 2750 renitentem
845 2722 936 2750 cum
980 2708 1034 2751 ad
1077 2709 1216 2752 forum
1245 2707 1513 2751 Constantini
1547 2708 1763 2760 duxisset,
1792 2707 1914 2751 sibi
1903 2723 1946 2751 in
1975 2708 2062 2749 Im-

231 2770 475 2820 peratorem
505 2764 725 2821 poposcit,
764 2770 810 2807 et
838 2764 1032 2820 quoniam
1073 2765 1268 2809 diadema
1296 2769 1555 2821 caeteraque
1594 2771 1839 2810 ornamenta
1871 2765 2061 2834 Impera-

231 2821 345 2864 toria
377 2822 584 2874 deerant,
613 2821 813 2876 imposito
844 2822 975 2878 capiti
1004 2829 1158 2879 torque
1187 2837 1345 2874 aureo,
1373 2825 1605 2878 Augustum
1635 2822 2061 2868 consalutavit.1am

230 2892 334 2921 vero
364 2893 456 2920 cum
487 2891 630 2922 omnes
659 2879 819 2922 Curiae
846 2879 1023 2931 Patres,
1066 2882 1141 2937 qui
1170 2885 1293 2924 erant
1320 2885 1445 2923 extra
1474 2880 1608 2923 aulam
1635 2879 1929 2949 Jmperatoris‚
1957 2892 2062 2922 con-

230 2936 466 2989 venissent,
498 2950 542 2987 m
573 2951 662 2978 eam
691 2936 812 2980 ibant
840 2938 1090 2979 sententiam
1120 2938 1256 2990 multi,
1286 2942 1336 2979 ut
1363 2937 1602 2980 faciendum
1635 2938 1837 2994 impetum
1866 2937 2061 2979 dicerent

229 2992 275 3035 in
305 2993 525 3035 Palatium.
601 2994 714 3036 Tum
757 2993 968 3062 processit
1013 2995 1227 3050 Origenes
1264 3000 1462 3044 senator,
1501 3000 1546 3038 et
1580 2995 1813 3038 orationem
1843 2995 1953 3037 hanc
1982 2993 2062 3036 ha-

228 3049 336 3094 buit.
399 3051 517 3092 Fieri
543 3065 629 3091 non
655 3057 819 3106 potest,
849 3052 934 3093 viri
964 3052 1170 3103 Romani,
1200 3058 1249 3095 ut
1276 3052 1455 3107 sumptis
1475 3057 1636 3095 temere
1663 3053 1798 3095 armis
1826 3052 1880 3094 de
1905 3064 2060 3106 praes-
2127 3064 2134 3074 ⁴

230 3109 319 3150 enti
345 3122 487 3150 rerum
515 3114 634 3150 statu
663 3110 768 3151 bene
796 3110 1088 3151 decernamus.
1153 3110 1267 3152 Nam
1296 3125 1347 3152 ex
1374 3110 1430 3151 iis
1458 3110 1676 3162 omnibus,
1720 3123 1830 3166 quae
1868 3109 2060 3152 homines

228 3171 450 3215 tractant,
480 3166 590 3208 nihil
622 3180 710 3209 esse
738 3166 914 3208 maioris
938 3173 1104 3209 constat
1130 3182 1204 3210 nec
1233 3168 1356 3209 molis
1375 3181 1453 3210 neo
1480 3167 1707 3219 momenti,
1743 3181 1873 3222 quam
1902 3167 2058 3209 bellu-m

230 3229 273 3266 et
303 3237 502 3280 regnum.
558 3225 693 3278 Atqui
730 3224 886 3278 coeptis
921 3224 1168 3279 ingentibus
1207 3225 1413 3267 secundos
1446 3225 1585 3267 exitus
1627 3227 1786 3280 afferre
1825 3225 1937 3273 solet¹
1971 3237 2056 3264 nou

225 3288 430 3335 punctum
465 3282 669 3336 temporis
687 3310 699 3330 ,
740 3282 816 3323 sed
853 3283 1120 3324 consiliorum
1156 3283 1389 3336 prudentia
1418 3287 1460 3325 et
1489 3282 1602 3324 dura
1629 3284 1815 3336 corporis
1843 3283 2056 3324 exercita-

227 3339 288 3381 tio
305 3356 317 3380 .-
344 3346 570 3395 utrumque
598 3344 743 3381 autem
772 3340 902 3393 longo
931 3340 1073 3393 spatio
1096 3340 1275 3394 probari
1298 3340 1435 3382 debet.
1496 3339 1641 3392 Quare
1673 3341 1712 3381 si
1737 3346 1936 3396 petamus
1963 3339 2056 3381 iam

228 3397 546 3448 adversarium,
593 3397 639 3439 in
667 3398 902 3438 novaculae
941 3397 1061 3448 acie,
1100 3397 1212 3451 quod
1252 3398 1387 3452 vulgo
1428 3396 1579 3450 aiunt,
1618 3397 1730 3439 sitae.
1772 3412 1842 3440 res
1879 3403 2055 3439 nostrae

228 3461 379 3507 erunt,
407 3456 542 3511 deque
573 3468 722 3497 earum
750 3468 917 3497 summa
945 3461 1155 3498 momento
1180 3454 1533 3510 periclitabImur.
1591 3455 1784 3500 Eventus
1810 3468 1927 3510 vero,
1958 3453 2054 3510 qui-
