2254 3814
350 154 472 211 326
1093 147 1424 203 PROGOPII

348 302 579 364 παρεῖναι
600 294 719 355 τοὺς
743 285 1096 359 αι’χμαλιῦτους
1117 288 1350 354 ἐκέλευεν,
1395 285 1531 350 ὅπως
1552 286 1644 355 μέν
1667 287 1716 340 οἳ
1738 286 1918 340 εἰδέναι
1940 306 2163 341 σκοπου-

347 379 483 451 μένῳ
508 381 591 449 ἐξῇ
614 376 713 449 ὅτῳ
736 375 797 429 ἂν
819 371 1037 447 δεσπότῃ
1062 373 1228 428 αὐτῶν
1253 373 1463 435 ἕκαστος
1485 371 1577 427 οὐκ
1602 372 1701 426 ἀπὸ
1725 377 1816 441 τῆς
1839 369 1995 424 αὑτοῦ
2020 373 2165 436 ἀξίας

348 460 593 519 δουλεύοι.
682 463 765 514 καὶ
803 460 966 528 ἐπειδὴ
995 458 1327 528 συνελέγησαν
1354 459 1578 529 αἶ’θριοι,
1624 457 1755 527 ἀμφὶ
1779 454 1974 525 ἡμέραν
2005 458 2163 526 με’σην

283 560 324 603 D
355 546 463 622 ὥρᾳ
499 546 687 617 θέρους
730 542 1007 613 ἀχθόμενοι
1043 550 1116 617 τῷ
1153 542 1279 616 ἡλίῳ
1317 541 1586 612 ἐκάθηντο.
1672 544 1726 595 ἐν
1774 541 1951 603 αὐτοῖς
1991 544 2046 595 δὲ
2083 545 2168 596 καὶ

348 631 656 702 Μαρκιανὸς
681 628 807 684 ὅπου
832 630 894 699 δὴ
925 628 1317 698 ἀπημελημένως
1342 625 1601 681 ἐκάθευδε.
1688 628 1778 680 καί
1797 647 1872 689 τις
1895 626 2055 681 αὐτοῦ
2080 627 2206 682 ἀε-5

348 717 436 778 τὸς
465 714 775 787 ὗπερίπτατο
788 756 805 781 ,
849 714 915 768 τὰ
937 715 1123 784 πτερὰ,
1170 711 1238 775 ὥς
1260 713 1484 783 λέγουσι,
1528 709 1867 778 διαπετάσας,
1908 711 1989 764 ἀεί
2006 733 2058 766 τε
2077 712 2171 780 μέ·
2253 699 2254 710 ¹

348 822 450 855 νων
492 803 544 854 ἐν
583 806 647 871 τῇ
686 800 816 871 αὐτῇ
851 805 944 853 τοῦ
973 799 1122 870 ἀέρος
1143 796 1287 872 χώρᾳ
1313 795 1471 866 μόνον
1495 798 1582 852 τὸν
1607 797 1915 866 Μαρκιανόν
1939 798 2171 850 ἐπεσκία-

350 889 442 950 ζεν.
511 885 564 938 ἐκ
590 887 646 938 δὲ
669 890 770 938 τῶν
797 882 1039 957 ὑπερῴων
1064 884 1122 937 τὸ
1150 879 1447 952 ποιούμενον
1471 883 1595 937 ἰδὼν
1619 886 1670 935 Γ
1666 883 1889 951 ιζέριχος,
1935 881 2171 951 ἀγχίνους

348 991 425 1032 τις
450 968 520 1024 ὢν
542 967 786 1038 μάλιστα,
814 966 959 1022 θεῖόν
985 991 1038 1022 τε
1066 967 1189 1022 εἶναι
1213 969 1271 1022 τὸ
1303 974 1513 1039 πρᾶγμα
1533 965 1828 1021 ὑπώπτευσε
1851 969 1935 1019 καὶ
1960 967 2047 1020 τὸν
2079 966 2171 1020 ἄν-

349 1061 564 1124 θρωπον
586 1052 1046 1123 μεταπεμψάμενος
1064 1051 1375 1107 ἐπυνθάνετο
1401 1053 1560 1106 αὐτοῦ
1583 1051 1722 1114 ὅστις
1742 1053 1865 1105 ποτὲ
1884 1052 1975 1119 εἴη.
2066 1050 2092 1105 ὃ
2118 1053 2172 1105 δὲ
2190 1063 2242 1106 10

351 1145 454 1193 τῶν
490 1137 795 1211 ἀπορρήτων
819 1138 1038 1210 ’Άσπαρι
1065 1138 1162 1208 ἔφη
1197 1138 1434 1200 κοινωνὸς
1455 1135 1579 1191 εἶναι
1595 1154 1606 1166 ·
1652 1137 1946 1205 δομὲστικον
1971 1139 2026 1190 δὲ
2051 1143 2174 1190 τοῦ-

349 1246 439 1278 τον
461 1230 526 1296 τῇ
551 1225 770 1297 σφετέρα
794 1221 998 1294 γλώσσῃ
1025 1228 1237 1276 καλοῦσι
1253 1221 1509 1289 Ῥωμαῖοι.
1568 1226 1734 1274 ταῦτα
1757 1225 1808 1275 Γ
1804 1223 1995 1294 ιζερίχῳ
2019 1218 2175 1275 ἀκού-

173 1323 209 1363 Ρ
243 1321 326 1366 186
355 1328 502 1367 σαντι
525 1311 607 1362 καὶ
633 1308 998 1380 ξυμβαλομένῳ
1022 1309 1114 1375 μὲν
1137 1307 1196 1361 τὸ
1215 1313 1308 1361 τοῦ
1337 1307 1548 1376 ὄρνιθος
1567 1305 1710 1377 ἔργον
1722 1347 1738 1372 ,
1781 1306 1876 1375 τὴν
1902 1308 1957 1359 δὲ
1979 1305 2176 1361 ’Ἀσπα-

351 1416 440 1467 ρος
480 1391 694 1461 δύναμιν
737 1394 789 1446 ἓν
827 1398 898 1465 νῷ
934 1392 1096 1461 ἔχοντι
1134 1391 1228 1464 ὅσῃ
1255 1393 1305 1445 ἓν
1334 1393 1598 1465 Βυζαντίῳ
1632 1391 1810 1462 ἐχρῆτο
1826 1431 1844 1457 ,
1888 1393 2178 1463 καταφανὲς

354 1481 535 1550 ἐγίνετο
572 1476 641 1541 ὥς
674 1477 800 1550 ἀνὴρ
826 1477 1016 1548 ἄγοιτο.
1105 1486 1288 1532 κτεῖναι
1311 1479 1402 1545 μὲν
1429 1471 1518 1531 οὖν
1543 1476 1700 1530 αὐτὸν
1723 1475 1907 1546 ἣκιστα
1931 1478 2170 1544 ἐδικαίου,
2192 1484 2242 1530 15

352 1561 722 1634 ἐκλογιζόμενος
748 1561 842 1628 ὥς,
888 1562 950 1631 ἢν
974 1564 1066 1632 μὲν
1096 1563 1148 1627 ἕξ
1173 1559 1464 1633 ἀνθρώπων
1487 1561 1644 1616 αὐτὸν
1673 1561 1890 1633 ἀφανίζῃ
1904 1603 1919 1626 ,
1965 1562 2177 1630 εὔδηλον

351 1649 493 1703 ἔσται
532 1647 601 1711 ὥς
633 1649 779 1703 οὐδὲν
805 1647 867 1701 ἂν
895 1649 952 1702 τὸ
980 1655 1052 1723 τῷ
1080 1648 1249 1718 ὄρνιθι
1278 1648 1493 1716 ποιηθὲν
1516 1645 1590 1715 εἴη
1636 1645 1730 1719 (οὐ
1748 1647 1846 1717 γὰρ
1874 1647 2088 1713 βασιλέα
2114 1653 2178 1719 τῇ

353 1740 470 1808 σκιᾷ
503 1731 811 1804 θεραπεύοι,
860 1732 916 1796 ὅς
953 1755 1006 1804 γε
1038 1734 1219 1788 αὐτίκα
1246 1733 1310 1801 δὴ
1342 1731 1646 1786 ἀπολεῖσθαι
1676 1731 1912 1802 ἔμελλε),
1958 1730 2090 1805 λόγῳ
2124 1754 2179 1786 τε
2230 1757 2234 1762 ·

353 1819 512 1872 αὐτὸν
549 1819 711 1872 οὐδενὶ
752 1820 960 1872 κτείνοι·
1003 1818 1066 1887 ἢν
1100 1819 1159 1872 δέ
1188 1839 1240 1887 γε
1267 1822 1400 1886 χρῆν
1435 1818 1486 1870 ἓν
1510 1821 1582 1888 τῷ
1609 1813 1804 1888 ὗστέρῳ
1825 1813 1995 1890 χρόνῳ
2025 1823 2179 1885 βασι-

352 1909 529 1958 λεῦσαι
553 1904 642 1958 τὸν
670 1903 975 1974 ἄνθρωπον,
1023 1903 1082 1957 οὔ
1117 1900 1318 1971 μήποτέ
1347 1902 1396 1955 οἳ
1418 1898 1632 1974 θανάτῳ
1658 1902 1982 1970 καταληπτὸς
2008 1901 2148 1955 ἕσται
2165 1919 2176 1932 ·
2192 1911 2247 1956 20

352 1989 419 2042 τὰ
457 1989 555 2060 γὰρ
587 1994 679 2042 τοῦ
717 1994 843 2042 θεοῦ
885 1990 936 2051 ἐς
968 1989 1164 2056 βουλὴν
1196 1986 1387 2055 ἥκοντα
1430 1986 1521 2040 οὐκ
1563 1985 1625 2039 ἂν
1666 1983 1872 2040 δύναιτο
1897 1986 2181 2057 ἀνθρώπου

353 2070 527 2146 γνώμῃ
554 2074 755 2128 κωλυτά
779 2072 917 2128 εἶναι.
1008 2072 1176 2145 ἕρκοις
1198 2074 1255 2126 δὲ
1276 2071 1432 2126 αὐτὸν
1457 2069 1838 2140 καταλαμβάνει
1863 2069 1957 2138 ὦς,
2000 2071 2063 2141 ἢν
2093 2073 2176 2125 ἐπ’

466 2252 510 2294 2.
543 2246 665 2305 ἀπὸ]
695 2245 797 2293 ἅπω
830 2249 937 2304 (sic)
967 2250 1019 2291 L.
1145 2249 1188 2294 4.
1219 2247 1332 2305 ἡλίῳ
1360 2273 1418 2281 —
1446 2246 1707 2305 εἰσάγουσιν
1736 2248 1802 2300 εἴς
1829 2263 1873 2292 τι
1901 2249 1978 2304 (ρ.
2004 2250 2086 2293 187
2106 2249 2181 2304 a.)

469 2322 550 2350 om.
573 2308 678 2350 HL:
708 2308 870 2350 habent
897 2308 1012 2351 AVP
1043 2310 1086 2349 et
1113 2307 1248 2349 vertit
1276 2307 1371 2350 RV.
1486 2307 1592 2350 ibid.
1623 2305 1672 2350 δὲ
1698 2306 1776 2351 καὶ
1798 2307 1850 2350 V.
1907 2307 2070 2350 Aberat
2092 2309 2184 2351 καὶ.

470 2367 514 2410 5.
543 2363 685 2420 ὅπου]
719 2362 809 2421 ὅπη
839 2366 890 2409 Α.
1007 2366 1049 2408 9.
1079 2362 1213 2409 θεῖόν
1242 2380 1291 2409 τε
1324 2363 1375 2409 V.
1430 2366 1569 2410 θεῖον
1597 2362 1648 2410 δὲ
1676 2364 1727 2408 Ρ.

356 2539 440 2578 tem
471 2546 588 2576 suam
616 2534 813 2577 serviret.
870 2534 938 2578 nli
967 2536 1046 2578 sub
1075 2533 1192 2578 dium
1222 2534 1376 2589 coacti,
1423 2533 1598 2578 circiter
1625 2532 1857 2586 meridiem,
1899 2547 1991 2576 cum
2021 2549 2047 2577 a
2075 2535 2182 2584 sole,
2222 2564 2225 2570 .

357 2592 519 2647 quippe
547 2591 728 2643 aestivo,
758 2593 1096 2647 languescerent,
1125 2591 1348 2635 sederant:
1392 2591 1509 2635 inter
1538 2605 1646 2648 quos
1674 2590 1933 2644 MarcianuS,
1965 2591 2078 2634 nullo
2108 2593 2186 2634 ha·
2235 2606 2246 2615 ⁴

357 2650 447 2690 bito
478 2647 645 2691 delectu
674 2649 784 2701 loci,
832 2649 1102 2705 negligenter
1135 2656 1298 2693 stratus
1328 2650 1514 2692 ducebat
1541 2663 1752 2699 somnum,
1797 2647 1975 2704 quadam
2004 2649 2186 2701 interim,

358 2711 408 2747 ut
438 2705 686 2760 perhibent,
729 2705 871 2762 aquila
901 2707 1227 2763 supervolante,
1266 2721 1377 2762 quae
1406 2706 1544 2763 passis
1573 2705 1650 2748 alis
1679 2706 1742 2747 ita
1770 2719 1817 2748 se
1845 2705 2054 2757 librabat,
2082 2720 2185 2748 eun-

356 2762 539 2818 demque
576 2762 619 2803 in
650 2765 750 2804 aere
790 2763 926 2805 locum
968 2763 1218 2815 insistebat,
1261 2771 1310 2805 ut
1344 2765 1492 2806 umbra
1533 2763 1797 2805 blandiretur
1836 2761 1908 2804 uni
1950 2762 2185 2805 Marciano.

358 2819 463 2862 Rem
495 2818 724 2861 Gizericus
754 2834 778 2861 e
806 2820 1017 2875 superiori
1047 2821 1354 2876 contemplatus
1383 2821 1550 2863 aedium
1581 2825 1720 2876 parte,
1749 2823 1892 2874 atque,
1924 2824 1971 2861 ut
2000 2827 2092 2862 erat
2114 2833 2185 2862 sa-

360 2875 588 2931 gacissimo
617 2875 684 2918 vir
711 2875 898 2930 ingenie,
929 2877 1113 2920 divinum
1142 2883 1352 2920 ostentum
1381 2877 1702 2932 interpretatus,
1730 2875 1935 2918 hominem
1964 2875 2016 2916 ad
2037 2889 2083 2917 se
2113 2891 2188 2918 ac-
2248 2919 2250 2926 ,

362 2932 519 2985 citum,
552 2933 646 2987 quis
676 2933 844 2986 tandem
874 2933 956 2985 sit,
987 2941 1126 2990 rogat.
1185 2935 1268 2977 Hic
1297 2948 1345 2976 se
1373 2933 1527 2991 Aspari
1557 2935 1611 2976 ab
1641 2932 1809 2975 arcanis
1839 2945 1935 2974 esse
1964 2933 2187 2989 respondit
2237 2928 2254 2958 ’·

360 2988 686 3043 (Domesticum'
713 3004 790 3032 sua
828 2989 972 3045 lingua
1002 2990 1180 3033 Romani
1217 2991 1411 3046 vocant).
1469 2992 1565 3041 Quo
1607 2989 1834 3032 Gizericus
1878 2988 2050 3040 audito,
2092 2990 2186 3032 avis

361 3059 483 3087 omen
522 3046 766 3087 coniectura
803 3049 1013 3102 pendens,
1064 3055 1190 3103 atque
1230 3049 1365 3089 animo
1408 3054 1610 3103 reputans
1652 3045 1822 3100 quantis
1866 3047 2003 3100 Aspar
2033 3047 2185 3101 opibus
2237 3010 2254 3090 ti

362 3102 561 3159 Byzantii
601 3103 805 3158 polleret,
847 3103 980 3146 virum
1013 3105 1160 3146 baberi
1191 3110 1402 3147 strenuum
1445 3103 1704 3146 Marcianum
1734 3102 1957 3144 manifesto
1985 3103 2184 3158 collegit:
2246 3107 2254 3135 =⁴

362 3173 442 3201 nec
473 3161 538 3201 fas
569 3172 662 3201 esse
692 3159 814 3201 duxit
843 3175 934 3202 eum
967 3161 1057 3203 vita
1086 3161 1287 3215 spoliare,
1313 3174 1458 3203 -secum
1487 3159 1550 3202 ita
1578 3159 1786 3214 cogitans,
1816 3159 1855 3201 si
1882 3160 2022 3215 ipsum
2047 3175 2071 3202 e
2092 3174 2184 3202 me-
2246 3158 2254 3202 ³

361 3216 432 3258 dio
461 3216 648 3271 tolleret,
680 3216 852 3258 evidens
882 3218 990 3268 fore,
1028 3217 1134 3259 nihil
1163 3218 1373 3260 volucrem
1403 3216 1692 3273 portendisse:
1738 3230 1876 3270 neque
1905 3216 2013 3258 enim
2041 3217 2188 3259 umbra

368 3273 563 3316 officiosa
599 3273 919 3328 gratificaretur
960 3273 1236 3330 Imperatori,
1288 3274 1359 3330 qui
1388 3273 1587 3315 continuo
1631 3277 1728 3328 post
1767 3271 2019 3315 interiturus
2048 3278 2185 3315 esset:

371 3337 594 3386 praeterea
628 3331 797 3373 caedem
828 3330 917 3372 eius
944 3331 1129 3386 iniquam
1159 3330 1268 3372 fore.
1326 3330 1401 3370 Sin
1431 3330 1547 3372 Deus
1576 3329 1639 3371 illi
1669 3329 1926 3372 destinasset
1953 3330 2188 3386 imperium,

368 3401 580 3442 nunquam
617 3400 747 3443 penes
775 3401 822 3429 se
863 3388 1050 3430 futurum
1090 3386 1309 3430 arbitrium
1348 3386 1482 3442 ipsius
1513 3387 1655 3438 necis,
1706 3400 1800 3429 cum
1831 3386 1975 3428 divina
2014 3386 2188 3429 consilia

368 3445 556 3488 humanis
585 3443 782 3502 impediri
810 3449 1033 3501 nequeant.
1091 3443 1318 3488 Caeterum
1347 3444 1615 3487 iureiurando
1649 3458 1742 3488 eum
1770 3443 2025 3498 obstrinxit,
2073 3450 2122 3485 ut
2151 3442 2188 3485 si
2225 3461 2250 3495 ῃ

2246 3412 2254 3420 ν
2240 3348 2254 3398 ³³4
2235 3259 2254 3342 -·.··.‘'-—
2239 3242 2250 3254 »⁸
2251 3214 2254 3222 -
