2254 3814
334 180 454 237 208
934 160 939 165 ’
1082 181 1416 236 PROCOPII

318 342 465 392 ·ρετο.
531 319 624 375 Cn?
659 322 714 374 δὲ
733 321 821 374 τὸν
843 316 1030 387 χρόνον
1056 320 1456 390 ε’κεΐνονἸησοῦς
1481 319 1508 375 ὅ
1543 326 1638 375 τοῦ
1664 326 1794 376 θεοῦ
1829 331 1950 386 παῖς
1977 323 2028 376 ἓν
2055 322 2161 379 σώ-

332 428 457 475 ματι
482 405 552 460 ὢν
578 414 686 466 τοῖς
710 405 762 458 ἐν
781 406 1110 476 Παλαιστίνῃ
1135 404 1434 477 ἀνθρώποις
1461 404 1655 474 ιῦμίλει.
1717 412 1792 480 τῷ
1819 429 1874 461 τε
1912 410 2071 478 μηδὲν
2098 410 2158 464 τὸ

331 489 575 562 παράπαν
611 487 858 559 ἇμαρτεΐν
890 487 1123 557 πώποτε,
1172 491 1303 545 ἀλλὰ
1336 495 1419 546 καὶ
1448 492 1514 546 τὰ
1540 490 1782 562 ἀμήχανα
1804 490 2161 563 ἐξεργάζεσθαι

335 580 600 646 διαφανῶς
634 571 1007 642 ἐνδεικνύμενος
1042 573 1118 629 ὅτι
1156 577 1218 645 δὴ
1260 583 1354 631 τοῦ
1390 583 1520 632 θεοῦ
1561 587 1680 639 παΐς
1719 575 1789 640 ὦς
1814 577 2027 645 ἀληθῶς
2052 578 2158 647 εἷἠ·

273 664 311 707 Β
342 657 582 736 (νεκρούς
605 680 657 712 τε
678 659 775 729 γὰρ
801 665 969 713 καλῶν
1005 662 1239 730 ἐξανίστη
1265 661 1433 733 ὥσπερ
1467 664 1520 726 ἒξ
1542 660 1704 716 ὕπνου
1729 665 1812 716 καὶ
1838 672 2020 732 πηροΐς
2040 663 2201 726 τοῦςὸ

333 745 645 817 ὀφθαλμοὺς
669 743 802 798 οὕτω
827 751 1078 813 τεχθεΐσιν
1101 746 1307 820 ἀνέῳγε,
1352 744 1592 816 σώματός
1613 769 1668 800 τε
1693 745 1816 801 ὅλου
1839 746 2021 811 λεύκας
2043 746 2164 801 ε’κά-

332 837 469 901 θηρε
506 833 588 884 καὶ
627 832 801 884 ποδῶν
838 828 1068 901 πήρωσιν
1103 831 1276 898 ἔλυσε,
1337 836 1420 886 καὶ
1460 831 1558 886 ὅσα
1613 831 1744 885 ἄλλα
1782 835 1978 903 ιάτροῒς
2012 831 2162 902 πάθη

333 916 517 969 ἀνίατα
556 915 894 984 ὠνομασμὲνα
930 916 1068 987 ἐστί)
1113 923 1282 971 ταῦτα
1323 915 1740 988 ἀπαγγελλόντων
1774 917 2023 988 Λῦγαρος
2059 923 2164 972 τῶν

333 1003 389 1055 ἐκ
417 1003 772 1070 Παλαιστίνης
797 1002 848 1064 ἐς
866 1002 959 1070 τὴν
982 1002 1234 1057 ’Έδεσσαν
1275 1001 1709 1073 ἐπιχωριαζόντων
1744 1000 1968 1065 ἀκούσας
2000 1000 2164 1072 {9129-

332 1087 460 1157 σησέ
491 1108 545 1141 τε
591 1089 675 1140 καὶ
709 1083 988 1158 γράμματα
1022 1087 1152 1158 πρὸς
1198 1091 1288 1142 τὸν
1312 1089 1511 1159 Ἰησοῦν
1558 1085 1768 1159 γράψας
1805 1089 1963 1142 ἐδεῖτο
2001 1087 2163 1141 αὐτοῦ
2177 1101 2234 1145 10

333 1170 763 1226 ἀπαλλάσσεσθαι
795 1174 887 1240 μὲν
924 1178 1016 1241 τῆς
1042 1173 1295 1236 Ἰουδαίας
1333 1177 1415 1227 καὶ
1456 1180 1558 1227 τῶν
1586 1175 1818 1227 ε’νταῖθα
1857 1170 2164 1243 ἀγνωμόνων

325 1256 649 1329 ἀνθρώπων,
697 1256 836 1330 αὐτῷ
866 1258 922 1310 δὲ
945 1257 1002 1310 τὸ
1029 1257 1206 1311 λοιπὸν
1233 1257 1591 1326 ξυμβιοτεύειν.
1648 1259 1750 1311 ἐπεὶ
1776 1264 1941 1312 ταῦτα
1971 1256 1996 1311 ὃ
2026 1262 2165 1328 Χρι-

326 1344 451 1406 στὸς
475 1341 819 1411 ἀπενεχθέντα
858 1340 1012 1408 εἶδεν,
1059 1341 1345 1412 ἀντέγραψε
1382 1343 1512 1414 πρὸς
1537 1342 1628 1396 τὸν
1655 1342 1933 1414 Λῦγαρον,
1980 1339 2050 1405 ὥς
2070 1343 2165 1412 μὲν

330 1429 422 1483 οὐκ
468 1428 703 1499 ἀφίξεται
741 1426 980 1495 ἄντικρυς
1017 1426 1307 1494 ἀπονεύων,
1356 1429 1449 1498 τὴν
1483 1429 1540 1482 δὲ
1574 1426 1763 1499 ὑγίειαν
1790 1434 1865 1502 τῷ
1901 1424 2165 1499 γράμματι

329 1511 695 1582 ὑποσχόμενος.
761 1513 891 1583 φασὶ
921 1514 976 1565 δὲ
998 1515 1081 1565 καὶ
1106 1519 1261 1567 τοῦτο
1292 1513 1450 1569 αὐτὸν
1477 1515 1721 1581 ἐπειπεῖν,
1769 1509 1839 1577 ὥς
1869 1513 1988 1567 οὐδὲ
2010 1510 2042 1582 ἦ
2068 1509 2236 1568 uzi-15

266 1614 303 1657 c
332 1605 410 1662 λις
444 1599 567 1653 ποτὲ
601 1596 890 1669 βαρβάροις
926 1595 1185 1666 ἁλώσιμος
1222 1597 1380 1654 ἕσται.
1466 1605 1623 1654 τοῦτο
1664 1605 1757 1669 τῆς
1795 1599 2065 1667 ἐπιστολῆς
2104 1597 2166 1651 τὸ

334 1680 714 1756 ἀκροτελεύτιον
758 1684 805 1737 οἶ
841 1684 935 1750 μὲν
972 1684 1159 1738 ἐκείνου
1199 1690 1292 1738 τοῦ
1328 1681 1517 1756 χρόνου
1553 1684 1647 1754 τὴν
1689 1685 1919 1755 ἱστορίαν
1947 1680 2167 1754 ξυγγρά-

333 1787 528 1839 ψαντες
561 1768 763 1838 οὐδαμῆ
788 1767 1034 1839 ἴγνωσαν·
1082 1768 1142 1823 οὗ
1166 1770 1264 1842 γὰρ
1290 1765 1382 1824 οὖν
1408 1770 1533 1824 οὐδέ
1553 1793 1623 1839 πη
1649 1769 1811 1824 αὐτοῦ
1835 1767 2166 1838 ἐπεμνήσθη-

334 1877 432 1910 σαν
451 1873 464 1885 ·
504 1855 795 1923 Ἐδεσσηνοὶ
824 1856 879 1907 δὲ
905 1854 1031 1908 αὐτὸ
1065 1854 1153 1918 ξὺν
1176 1861 1240 1927 τῇ
1269 1856 1508 1927 ἐπιστολῇ
1534 1853 1776 1925 εὖρέσθαι
1799 1856 1986 1926 φασὶν,
2035 1852 2165 1907 ὥστε

334 1941 505 2010 ἀμέλει
543 1942 626 1994 καὶ
664 1937 991 2010 ἀνάγραπτον
1025 1938 1162 1994 οὕτω
1182 1940 1277 2010 τὴν
1310 1940 1576 2010 ἐπιστολὴν
1603 1941 1720 1995 ἀντ’
1759 1939 1919 1994 ἄλλου
1946 1960 2039 1993 του
2063 1950 2232 2011 φυ-ΞΟ

337 2026 612 2096 λακτηρίου
638 2026 690 2078 ἐν
713 2034 828 2088 ταῖς
851 2030 942 2093 τῆς
964 2022 1158 2089 πόλεως
1178 2028 1474 2096 πεποίηνται
1497 2023 1698 2089 πύλαις.
1767 2025 1933 2097 γέγονε
1951 2025 2045 2093 μὲν
2071 2019 2166 2079 οὖν

335 2111 435 2167 ὑπὸ
461 2110 669 2181 Μήδοις
689 2108 860 2185 χρόνῳ
883 2113 978 2164 τινὶ
1005 2109 1220 2183 ὕστερον
1233 2153 1252 2179 ,
1300 2112 1396 2181 οὐχ
1419 2109 1617 2166 ἆλοῦσα
1637 2111 1811 2180 με’ντοι
1824 2152 1841 2178 ,
1890 2109 2020 2164 ἀλλὰ
2043 2107 2166 2181 τρό-

452 2261 520 2305 14.
550 2256 821 2313 ἀπονεύων]
863 2255 1105 2304 ἄπολεῦων
1143 2261 1234 2303 AL.
1295 2257 1529 2316 ἀπολέγων
1556 2259 1645 2303 Lm.
1792 2258 1862 2303 17.
1904 2254 2165 2312 ἅκροτελεύ-

447 2319 578 2372 τιον]
637 2315 895 2370 ἀκρότατον
935 2320 984 2359 Α.
1056 2316 1282 2373 γράφεται
1319 2316 1665 2371 &moteniz-aon
1703 2318 1793 2360 Am.
1865 2347 1896 2367 ,,
1909 2314 2165 2369 ἀκρότατον

452 2377 556 2431 Reg.
578 2379 606 2399 “
633 2376 783 2418 Maur.
840 2369 1191 2428 Ἀκροτελεύτιον
1220 2375 1336 2419 haud
1375 2375 1504 2420 dubie
1534 2374 1802 2432 Thucydidis
1832 2374 2023 2432 exemplo
2054 2374 2164 2417 dixit

449 2434 507 2488 11,
540 2434 608 2477 17.
723 2434 794 2477 20.
825 2434 940 2488 του]
970 2434 1058 2477 τοῦ
1087 2435 1135 2477 Ρ.

333 2576 380 2605 se
408 2562 622 2609 verteret,
663 2557 797 2600 vicem
839 2572 956 2602 suam
997 2559 1325 2603 lamentabatur.
1384 2559 1453 2602 Ea
1481 2560 1740 2615 tempestate
1778 2555 1900 2600 Iesus
1928 2556 2011 2600 Dei
2050 2557 2164 2601 filius

331 2615 510 2662 humano
538 2617 686 2658 induto
718 2630 899 2672 corpore
928 2631 1021 2660 cum
1051 2617 1322 2660 Palaestinae
1349 2615 1498 2660 incolis
1528 2616 1807 2668 versabatur,
1836 2629 1983 2657 verum
2012 2628 2060 2658 se
2081 2614 2164 2658 Dei
2243 2652 2246 2655 .

333 2677 466 2719 filium
502 2688 597 2716 cum
638 2672 731 2715 vita
760 2673 914 2716 nullius
945 2674 1116 2730 peccati
1145 2675 1243 2717 labe
1273 2673 1583 2726 contaminata,
1612 2680 1702 2715 tum
1731 2673 1876 2726 factis,
1909 2686 2023 2729 quae
2051 2687 2166 2716 mor-

333 2733 447 2776 tales
478 2730 594 2773 vires
623 2731 911 2786 superabant,
942 2731 1167 2774 manifeste
1199 2733 1399 2788 probans.
1457 2730 1569 2773 Nam
1598 2729 1690 2773 vita
1718 2730 1888 2772 functos
1915 2737 2117 2787 tanquam
2139 2744 2166 2773 e

332 2803 476 2834 somno
516 2802 624 2830 voce
665 2787 905 2830 excitabatz
945 2790 1088 2833 oculos
1119 2789 1343 2845 aperiebat
1374 2787 1638 2843 caecigenis=
1680 2800 1707 2829 a
1744 2785 2028 2842 vitiliginibus
2057 2785 2166 2829 albis

333 2846 629 2904 perpurgabat
667 2858 877 2900 corpora:
920 2845 1190 2889 clauditatem
1223 2851 1268 2888 et
1307 2851 1506 2898 caetera,
1547 2858 1658 2900 quae
1695 2843 1848 2886 medici
1883 2857 1976 2887 esse
2016 2843 2164 2886 dicunt

333 2900 588 2947 insanabilia
609 2932 623 2954 ‚
669 2900 927 2957 depellebat.
994 2903 1117 2945 Haec
1155 2902 1228 2945 ubi
1271 2904 1469 2958 Augarus
1519 2901 1573 2943 ab
1611 2901 1693 2953 iis,
1742 2900 1816 2957 qui
1857 2915 1883 2943 e
1921 2899 2165 2944 Palaestina

335 2963 545 3005 Edessam
577 2959 880 3010 commeabant,
911 2959 1108 3016 accepit;
1137 2959 1405 3003 confirmavit
1433 2958 1641 3010 animum,
1671 2961 1717 3000 et
1744 2971 1824 3013 per
1852 2957 1999 3000 literas
2026 2958 2164 3000 lesum

336 3017 605 3068 obsecravit,
648 3020 697 3057 ut
740 3029 765 3057 a
802 3015 960 3058 Iudaea
991 3024 1121 3072 atque
1157 3017 1334 3073 ingrata
1370 3015 1541 3058 natione
1571 3013 1835 3065 discederet,
1868 3027 1919 3055 ac
1947 3027 2089 3056 secum
2119 3013 2164 3057 in

337 3082 555 3133 posterum
595 3072 826 3116 convivere
862 3072 1125 3127 dignaretur.
1184 3075 1419 3130 Postquam
1459 3071 1606 3114 literas
1635 3070 1834 3113 Christus
1862 3069 1944 3112 sibi
1974 3070 2164 3114 redditas

339 3133 469 3189 legit,
509 3131 554 3172 in
583 3144 674 3173 eam
701 3130 956 3174 sententiam
983 3129 1207 3187 rescripsit
1236 3133 1432 3185 Augaro,
1471 3133 1522 3170 ut
1549 3127 1674 3184 plane
1703 3126 1871 3184 quidem
1898 3128 2164 3171 recusaverit

339 3204 389 3233 se
419 3189 473 3232 ad
502 3187 618 3231 illum
649 3187 867 3238 conferre,
905 3187 1131 3229 sanitatem
1162 3202 1266 3230 vero
1296 3184 1548 3243 promiserit.
1602 3184 1699 3227 Hoc
1738 3184 1867 3227 etiam
1895 3185 2163 3229 subiunxisse
2236 3183 2254 3241 J

336 3250 451 3291 sama
479 3250 571 3297 est,
615 3244 763 3287 urbem
801 3257 968 3300 semper
1003 3243 1374 3299 inexpugnabilem
1414 3243 1510 3285 fore
1547 3241 1769 3284 Barbaris.
1827 3241 1955 3293 Quod
1993 3249 2164 3299 postre-

341 3319 450 3349 mum
479 3302 685 3358 epistolae
713 3305 842 3356 caput
870 3314 958 3352 eoS‚
989 3301 1061 3357 qui
1088 3301 1308 3343 historiam
1337 3299 1599 3355 scripserunt
1625 3298 1740 3340 illius
1768 3298 1986 3355 temporis,
2014 3299 2162 3342 latuit:

342 3375 547 3418 nusquam
590 3360 699 3402 enim
728 3358 978 3400 mentionem
1010 3358 1100 3399 eius
1137 3358 1345 3400 fecerunt.
1402 3356 1452 3398 ld
1491 3369 1594 3398 vero
1623 3355 1788 3409 literis,
1829 3370 1937 3412 quae
1965 3364 2164 3412 repertae

340 3425 466 3470 sunt,
506 3414 714 3460 contineri
757 3414 966 3457 Edesseni
1009 3414 1255 3471 perhibent:
1297 3415 1362 3456 sic
1389 3426 1492 3456 sane
1520 3420 1570 3455 ut
1597 3412 1821 3469 epistolam
1851 3427 1902 3455 eo
1931 3415 2053 3456 modo
2087 3427 2162 3455 ex-

341 3480 546 3534 scriptam
573 3474 618 3517 in
648 3471 783 3531 portis
814 3471 931 3516 urbis
961 3486 1038 3530 pro
1069 3471 1222 3529 quovis
1249 3471 1331 3514 alio
1359 3469 1613 3514 munimento
1642 3469 1874 3527 posuerint.
1931 3471 1981 3513 In
2011 3470 2162 3514 Medo-
