2254 3814
258 154 379 214 380
1001 149 1334 206 PROCOPH

261 293 435 370 φόρων
462 294 547 350 ἕνα
581 293 834 364 Βορα“ι’·δην
860 288 967 359 ἅμα
994 297 1096 346 τῶν
1120 290 1455 346 ὕπασπιστῶν
1481 311 1612 345 τισιν
1634 287 1878 355 ἔστελλεν,
1923 291 2078 361 ἐπαγ-

259 384 427 453 γείλας
459 381 631 441 αὐτοῖς
666 383 759 445 τῆς
794 399 846 430 τε
877 374 1070 440 πόλεως
1096 378 1479 448 ἀποπειρᾶσθαι
1505 380 1589 431 καὶ
1603 417 1621 442 ,
1672 375 1731 445 ἢν
1759 377 1906 429 ἕλωσι
1923 417 1940 441 ,
1986 398 2078 429 κα-

259 467 348 521 κὸν
366 468 457 534 μὲν
479 466 637 534 μηδὲν
669 465 721 515 ἓν
763 461 894 534 αὐτῇ
923 466 1139 532 δρᾶσαι,
1187 463 1579 533 ἐπαγγείλασθαι
1609 462 1667 516 δὲ
1703 461 1878 531 ἀγαθὰ
1900 459 2077 531 μύρια,

259 554 344 606 καὶ
369 549 437 612 ὥς
457 551 537 602 ἐπὶ
559 555 622 621 τῇ
647 548 818 602 αὐτῶν
842 550 1106 623 ἐλευθερίᾳ
1130 547 1294 617 ἥκοιεν
1310 589 1328 614 ,
1377 547 1505 602 ὥστε
1527 547 1752 615 εἷσιτητοὶ
1777 553 1850 620 τῷ
1876 551 2081 619 στρατῷ

259 639 311 699 ἒς
336 635 495 703 αὐτὴν
516 637 769 705 γενέσθαι.
860 634 908 686 οἳ
940 635 996 687 δὲ
1027 637 1139 704 περὶ
1173 632 1370 702 λύχνων
1404 631 1543 704 ἁφὰς
1581 633 1737 702 ἀγχοῦ
1762 638 1856 702 τῆς
1889 629 2122 693 πόλεως5

259 718 514 792 γενόμενοι
561 721 613 773 ἓν
653 717 883 790 φάραγγί
921 741 975 773 τε
1023 717 1277 781 λαθόντες
1311 718 1735 788 διενυκτέρευσαν.
1832 718 1992 771 ἕωθεν
2030 718 2086 769 δὲ

261 806 506 876 ἀγροίκων
533 805 621 868 ξὺν
648 802 867 872 ἁμάξαις
898 806 950 867 ἒς
973 804 1133 874 αὐτὴν
1158 803 1416 859 εἰσιόντων
1443 802 1784 873 ἐπιτυχόντες,
1830 807 2086 856 συνεισελ-

190 894 230 938 D
260 889 445 953 θόντες
468 896 633 962 σιωπῇ
661 892 744 943 καὶ
769 890 934 943 οὐδενὶ
961 888 1101 964 πόνῳ
1136 892 1231 960 τὴν
1255 888 1401 945 πόλιν
1432 889 1594 958 ἴσχον.
1682 891 1766 942 καὶ
1796 889 1897 941 ἐπεὶ
1920 886 2085 956 ἡμέρα

260 977 479 1046 ἐγένετο,
538 975 744 1038 οὐδενὸς
784 973 1022 1045 θορύβου
1055 975 1405 1047 ἡγησαμένου,
1461 973 1551 1029 τόν
1589 996 1642 1028 τε
1686 974 1818 1045 ἱερέα
1854 975 1936 1027 καὶ
1965 973 2087 1025 εἴτι

261 1059 471 1131 δόκιμον
491 1056 553 1131 ἦν
578 1061 968 1134 ξυγκαλέσαντες
987 1059 1082 1125 τάς
1099 1085 1154 1116 τε
1175 1068 1269 1117 τοῦ
1295 1066 1581 1132 στρατηγοῦ
1604 1060 1812 1121 ἐντολὰς
1837 1056 2085 1128 ἀπήγγελ-
2103 1062 2156 1104 10

257 1152 350 1202 λον
364 1189 381 1213 ,
430 1149 512 1202 καὶ
535 1147 629 1210 τὰς
654 1152 784 1209 κλεῖς
806 1152 910 1201 τῶν
935 1145 1144 1202 εἰσόδων
1168 1147 1301 1220 παρ’
1330 1142 1546 1201 ἑκόντων
1569 1142 1813 1213 λαβόντες
1833 1150 1906 1219 τῷ
1929 1165 2089 1216 στρα-

258 1238 397 1309 τηγῷ
427 1231 680 1302 ἔπεμψαν.

87 1320 128 1362 V
156 1321 239 1368 372
432 1324 513 1390 Τῇ
543 1320 598 1371 δὲ
634 1317 766 1390 αὐτῇ
811 1315 976 1392 ἡμέρᾳ
1003 1321 1085 1371 καὶ
1115 1315 1142 1373 ὃ
1179 1322 1274 1371 τοῦ
1299 1316 1550 1387 δημοσίου
1574 1311 1772 1386 δρόμου
1794 1310 2089 1383 ἐπιμελόμε-

258 1425 347 1466 νος
389 1401 710 1473 ηὐτομόλησε
743 1404 1012 1474 παραδούς
1044 1404 1167 1466 τοὺς
1212 1405 1492 1473 δημοσίους
1539 1398 1836 1470 ξύμπαντας
1880 1403 2084 1462 ἵππους.

260 1489 620 1560 ξυλληφθέντα
657 1490 714 1541 δὲ
750 1493 837 1541 καί
877 1511 992 1543 τινα
1026 1495 1131 1543 τῶν
1171 1490 1223 1552 ἐς
1261 1489 1356 1552 τὰς
1388 1487 1658 1555 βασιλικὰς
1688 1484 1976 1556 ἀποκρίσεις
2011 1485 2084 1538 ἀεὶ
2104 1484 2156 1528 15

258 1575 633 1640 στελλομένων,
683 1572 774 1636 οὓς
813 1574 877 1643 δὴ
909 1576 1239 1646 βερεδαρίους
1279 1579 1518 1640 καλοῦσι,
1573 1571 1728 1627 κακὸν
1751 1573 1844 1640 μὲν
1882 1568 2086 1625 0ιῖδένό

261 1661 545 1730 στρατηγὸς
569 1659 779 1731 ἔδρασε,
820 1666 998 1733 χρυσῷ
1022 1662 1077 1714 δὲ
1098 1666 1270 1734 πολλῷ
1301 1657 1664 1732 δωρησάμενος
1686 1660 1770 1711 καὶ
1802 1657 1960 1711 πιστὰ
1994 1661 2090 1709 λα-

257 1747 367 1815 βὼν
406 1746 499 1807 τὰς
549 1745 820 1808 ἐπιστολὰς
854 1745 1159 1817 ἐνεχείρησεν
1185 1787 1198 1811 ,
1252 1745 1415 1816 ἅσπερ
1445 1743 1802 1805 Ἰουστινιανός
1849 1742 2091 1811 βασιλεὺς

261 1832 388 1903 πρὸς
423 1834 712 1893 Βανδίλους
743 1831 964 1900 ἔγραψεν
999 1832 1086 1903 ἐφ’
1136 1825 1177 1906 ᾧ
1214 1840 1323 1894 τοῖς
1351 1833 1619 1885 Βανδίλων
1649 1830 1861 1901 ἄρχουσι
1891 1831 2087 1881 δοῦναι.

84 1917 121 1963 Ρ
151 1918 235 1963 217
266 1915 449 1986 ἐδήλου
474 1918 528 1969 δὲ
553 1914 585 1985 ἧ
609 1916 783 1987 γραφὴ
808 1915 930 1970 τάδε
973 1916 1157 1983 ,,Οἴτε
1178 1919 1452 1979 Βανδίλοις
1477 1921 1709 1983 πολεμεῖν
1734 1914 1947 1983 ἔγνωμεν
1977 1911 2162 1966 01'2'1120

261 2002 354 2064 τὰς
379 2007 429 2055 Γ
425 2003 635 2072 ιζερίχου
670 2002 896 2063 σπονδὰς
930 2000 1143 2071 λύομεν,
1191 2002 1321 2056 ἀλλὰ
1341 2002 1430 2056 τὸν
1459 1999 1702 2073 ὖμέτερον
1726 1997 1975 2069 τύραννον
1998 2021 2093 2052 κα-

261 2093 434 2142 θελεῖν
471 2089 812 2158 ἐγχειροῦμεν,
862 2087 918 2150 ὃς
952 2094 1056 2142 τῶν
1081 2093 1132 2142 Γ
1128 2090 1341 2159 ιζερίχου
1367 2090 1636 2158 διαθηκῶν
1669 2083 1986 2157 ὀλιγωρήσας
2005 2084 2094 2138 τὸν

377 2226 419 2269 1.
447 2222 710 2281 ,,βοροιΐδην
736 2225 880 2281 Reg.“
908 2223 1059 2268 MAn'r.
1118 2224 1192 2267 Sic
1212 2223 1348 2270 LHm.
1392 2221 1644 2281 Μοραΐδην
1671 2223 1723 2269 Ρ.
1748 2221 1981 2266 Boriadem
1995 2221 2092 2264 RV.

376 2283 420 2326 2.
454 2284 536 2336 τῆς
569 2297 650 2325 om.
682 2282 729 2325 L.
842 2283 884 2326 3.
915 2279 966 2326 δὲ
996 2297 1076 2326 om.
1103 2283 1157 2325 L.
1256 2283 1361 2326 ibid.
1388 2279 1558 2338 μύρια]
1588 2283 1732 2337 μυρίοι
1762 2282 1812 2322 Α.
1914 2282 1982 2324 13.
2011 2283 2094 2336 δη·

376 2342 543 2395 μοσιόυ
584 2337 791 2396 δρόμου]
844 2339 1138 2395 ἱπποδρόμου
1189 2340 1303 2384 inter
1341 2353 1492 2383 versus
1532 2341 1582 2384 Δ.
1653 2337 1882 2395 δημοσίου
1918 2351 2002 2381 om.
2040 2337 2090 2380 L.

377 2400 448 2442 20.
478 2395 584 2442 οὔτε
610 2396 725 2456 τὰς]
757 2394 866 2443 ου’δὲ
895 2395 980 2449 τὰς
1007 2399 1058 2441 Ρ.
1171 2400 1245 2443 21.
1274 2395 1523 2455 ὑμέτερον]
1556 2392 1776 2455 ἡμέτερον
1802 2396 1936 2439 AHL.

270 2525 457 2584 speciem
484 2527 752 2581 retinebant3
784 2526 1050 2579 Moraidem‚
1080 2539 1134 2570 ex
1163 2525 1346 2569 hastatis
1372 2525 1655 2584 stipatoribus
1681 2539 1830 2578 unum,
1873 2539 1967 2568 cum
1995 2537 2093 2568 scu·

271 2584 376 2626 tatis
405 2583 567 2640 aliquot
608 2585 822 2640 destinat,
863 2583 1160 2643 praecipitque
1194 2590 1242 2626 ut
1269 2585 1415 2628 urbem
1443 2588 1632 2628 tentent:
1675 2583 1713 2627 si
1741 2583 1959 2639 ceperint,
1989 2582 2094 2625 nihil

269 2646 480 2684 noceant:
510 2641 611 2698 quin
641 2643 783 2699 potius
812 2642 1031 2700 promissis
1058 2641 1272 2697 impleant,
1302 2655 1436 2698 seque
1462 2640 1678 2685 libertatis
1699 2641 1874 2684 Africae
1903 2641 2094 2683 vindices

270 2699 577 2754 profiteantur,
619 2714 702 2755 quo
732 2700 964 2743 exercitum
1004 2699 1192 2756 accipiat
1233 2698 1402 2743 civitas.
1457 2699 1526 2742 Illi
1555 2699 1691 2757 prima
1729 2699 1826 2741 face
1855 2698 1910 2741 ad
1939 2699 2092 2740 vallem

268 2754 366 2798 urbi
394 2755 623 2812 proximam
655 2764 969 2811 pervenerunt:
1010 2756 1082 2799 ubi
1119 2771 1210 2798 cum
1240 2763 1405 2800 noctem
1433 2762 1566 2800 totam
1596 2756 1892 2807 delituissent,
1922 2755 2093 2798 albente

268 2826 426 2855 aurora
449 2826 542 2854 cum
570 2814 772 2866 rusticis,
811 2817 917 2872 quos
946 2828 1039 2857 cum
1068 2813 1275 2869 plaustris
1303 2814 1348 2856 in
1377 2814 1495 2857 urbis
1524 2813 1703 2858 introitu
1731 2813 1847 2856 nacti
1875 2818 1997 2862 sunt,
2026 2812 2092 2854 in·

267 2874 441 2911 travere
469 2869 668 2922 silentio,
711 2878 757 2913 et
798 2873 948 2914 urbem
977 2871 1090 2913 nullo
1121 2871 1294 2927 negotio
1325 2876 1599 2928 occuparunt.
1659 2871 1723 2914 Ut
1751 2869 1910 2912 clarius
1937 2869 2091 2922 illuxit,

266 2926 359 2968 sine
376 2926 558 2969 tumultu
581 2927 798 2984 Episcopo
828 2934 872 2971 et
901 2927 1176 2985 optimatibus
1193 2929 1454 2981 convocatis,
1482 2929 1684 2971 mandata
1708 2931 1923 2983 exponunt
1947 2926 2092 2980 Magi-

266 2983 350 3026 stri
367 2982 557 3034 militum,
588 2990 631 3025 et
653 2995 866 3041 acceptas,
897 2986 1063 3028 nemine
1080 2984 1229 3038 invito,
1260 2986 1450 3029 adituum
1473 2986 1640 3036 claves,
1675 2983 1731 3027 ad
1746 2985 1880 3039 ipsum
1905 2983 2093 3025 mittunt.

384 3040 549 3083 Eodem
588 3041 660 3083 die
698 3055 848 3084 cursus
883 3042 1041 3099 publici
1083 3050 1338 3097 procurator
1367 3056 1500 3099 equos
1540 3055 1682 3085 omnes
1712 3041 1907 3097 publicos
1938 3048 2092 3095 sponte

266 3096 460 3140 tradidit.
519 3097 688 3140 Illorum
734 3100 887 3152 etiam,
929 3099 1003 3155 qui
1045 3099 1259 3155 rescripta
1302 3099 1515 3155 Principis
1556 3099 1780 3155 perferunt
1819 3098 2091 3153 (veredarios

268 3154 520 3211 appellant)
560 3155 844 3211 interceptum
884 3155 1102 3212 quemdam
1144 3156 1384 3198 Belisarius-
1415 3155 1596 3211 benigne
1642 3155 1821 3205 habuit,
1853 3155 1983 3197 multa
2012 3155 2089 3196 do-

269 3211 390 3254 navit
420 3212 623 3268 pecunia,
665 3218 711 3254 et
749 3219 929 3268 accepta
967 3212 1087 3264 fide,
1126 3212 1350 3255 Iustiniani
1393 3213 1448 3254 ad
1483 3212 1698 3255 Vandalus
1736 3212 1914 3263 literas,
1951 3211 2092 3267 gentis

270 3269 451 3312 ducibus
489 3283 541 3312 ac
582 3269 823 3312 Praefectis
852 3269 1118 3320 reddendas,
1159 3271 1202 3311 ei
1229 3269 1438 3312 credidit:
1467 3268 1512 3312 in
1541 3270 1650 3313 hanc
1679 3283 1809 3326 porro
1840 3268 2092 3312 sententiam

270 3325 459 3381 scriptae
487 3331 623 3371 erant.
682 3326 775 3369 Nec
819 3327 1027 3368 Vandalis
1068 3327 1221 3368 bellum
1260 3328 1510 3381 indicimus,
1547 3342 1624 3375 nec
1648 3340 1801 3383 pacem
1837 3327 2036 3368 solvimus
2064 3338 2095 3366 a

278 3383 470 3425 Gizcrico
491 3386 692 3436 factam3
731 3384 807 3426 sed
834 3389 1020 3426 vestrum
1057 3385 1206 3426 tollere
1242 3391 1472 3438 tyrannum
1501 3386 1815 3441 aggredimur,
1854 3384 1927 3439 qm·
1955 3388 2094 3426 testa-

276 3447 419 3485 mento
451 3442 634 3485 Gizerici
661 3447 829 3497 spreto,
868 3454 1017 3498 regem
1043 3448 1231 3485 vestrum
1258 3448 1454 3492 asservat
1481 3443 1529 3484 in
1555 3443 1763 3494 vinculis,
1791 3446 1922 3497 atquo
1952 3455 1975 3483 e
1994 3454 2095 3496 pro-
