2254 3814
369 126 492 184 314
1052 169 1056 172 ,
1111 131 1443 185 PROCOPII

367 275 549 337 βενναν
588 267 782 340 φεύγει,
830 265 973 322 πόλιν
1015 270 1196 342 ε’χυράν
1223 275 1274 334 ἐς
1300 272 1454 328 αὐτόν
1476 295 1574 328 που
1601 270 1820 344 λήγοντα
1846 276 2068 346 κειμένην
2093 279 2181 332 τὸν

363 351 538 408 Ἰόνιον
559 352 764 407 κόλπον.
849 357 941 407 εἶσὶ
970 356 1024 408 δὲ
1051 357 1107 410 οἳ
1120 360 1202 410 καὶ
1226 361 1381 429 φασὶν
1407 359 1563 414 αὐτὸν
1587 359 1708 422 τούς
1736 359 2034 432 βαρβάρους
2055 364 2181 416 ἔπα-

363 441 613 511 γαγέσθαι
628 477 646 504 ,
692 435 915 502 στάσεως
956 440 1095 515 αὐτῷ
1129 443 1258 513 πρὸς
1281 449 1383 498 τῶν
1409 442 1646 514 ὑπηκόων
1675 447 2023 515 γεγενημένης,
2071 449 2182 516 ἐμοὶ

192 542 228 584 Ρ
261 542 340 586 179
368 527 460 594 μὲν
499 524 557 577 οὗ
593 524 747 578 πιστὰ
791 525 1039 594 λέγοντες,
1085 526 1182 581 ὅσα
1223 550 1275 599 γε
1315 530 1373 583 τὸ
1404 537 1496 584 τοῦ
1526 527 1807 602 ἀνθρώπου
1838 533 2181 602 ἐκλογίζεσθαι

360 605 512 679 ἦθος.
598 609 647 662 οἳ
675 611 729 662 δὲ
750 607 1036 680 βάρβαροι,
1076 614 1180 667 ἐπεὶ
1206 614 1352 669 οὐδὲν
1373 618 1548 687 σφίσιν
1571 612 1768 685 ἀπήντα
1793 617 2059 685 πολέμιον,
2103 622 2222 687 γί-5

361 716 532 749 νονται
558 691 814 762 ὠμότατοι
837 694 1129 767 ἀνθρώπων
1153 696 1409 755 ἁπάντων.
1498 699 1666 764 πόλεις
1692 723 1746 754 τε
1775 702 1872 772 γὰρ
1885 742 1902 768 ,
1949 701 2074 764 ὅσας
2110 700 2180 755 εἷ-

361 786 480 846 λον,
522 778 656 834 οὕτω
679 780 1071 852 κατειργάσαντο
1099 783 1228 838 ὥστε
1256 786 1402 839 οὐδὲν
1427 788 1496 848 εἷς
1523 788 1609 853 ἐμὲ
1632 786 1809 848 αὗταῒς
1831 787 2181 841 ἀπολέλειπται

357 863 646 936 γνώρισμα,
691 866 859 929 ἄλλως
882 890 934 921 τε
959 872 1042 922 καὶ
1065 870 1205 932 ἐντὸς
1229 877 1320 925 τοῦ
1336 871 1513 925 Ἰονίου
1533 869 1749 938 κόλπου,
1788 869 1919 941 πλήν
1937 893 1990 942 γε
2013 871 2076 941 δὴ
2102 871 2180 942 ὅτι

357 949 549 1022 πύργον
588 951 675 1004 ἕνα
710 951 741 1019 ἢ
778 951 940 1022 πύλην
975 957 1098 1021 μιάν
1135 955 1165 1023 ἢ
1198 978 1247 1010 τι
1274 963 1474 1011 τοιοῦτο
1504 957 1679 1020 αὗταῒς
1707 966 1945 1027 περιεῖναι
1964 958 2178 1026 ξυνέβη·

355 1035 478 1099 τούς
517 1058 571 1090 τε
603 1035 916 1108 ἀνθρώπους
952 1039 1181 1103 ἅπαντας
1217 1042 1456 1108 ἔκτεινον,
1504 1041 1615 1097 ὅσοι
1652 1043 1875 1113 ἐγένοντο
1920 1044 1972 1096 ἐν
2009 1045 2174 1108 ποσὶν,
2195 1062 2249 1104 10

354 1120 541 1190 ὁμοίως
578 1124 670 1190 μὲν
711 1123 1028 1193 πρεσβύτας,
1077 1124 1264 1194 ὁμοίως
1299 1129 1355 1180 δὲ
1395 1128 1564 1191 νέους,
1613 1122 1727 1181 οὔτε
1765 1133 2014 1198 γυναικῶν
2060 1127 2175 1183 οὕτε

354 1210 552 1262 παίδων
577 1205 877 1278 φειδόμενοι.
965 1210 1090 1264 ὅθεν
1115 1214 1184 1273 εἷς
1208 1211 1278 1265 ἔτι
1308 1215 1391 1265 καὶ
1414 1218 1503 1266 νῦν
1523 1209 1911 1284 ὃλιγοῖνθρωπον
1931 1213 2024 1282 τὴν
2041 1213 2175 1266 Ἰτα-

199 1311 242 1354 Η
269 1311 327 1355 93
355 1295 468 1347 λίαν
510 1295 772 1361 ξυμβαίνει
810 1292 950 1349 εἶναι.
1032 1294 1278 1366 χρήματα
1313 1299 1369 1351 δὲ
1403 1295 1605 1352 ἅπαντα
1641 1299 1904 1367 ἐληίσαντο
1933 1299 1986 1351 ἔκ
2008 1295 2175 1367 πάσης

349 1376 621 1449 Εὐρώπης,
665 1381 766 1444 καὶ,
809 1378 868 1432 τό
902 1402 955 1450 γε
987 1380 1276 1452 κεφάλαιον,
1315 1385 1366 1435 ἓν
1387 1380 1556 1454 Ῥώμῃ
1578 1388 1680 1437 τῶν
1705 1405 1758 1436 τε
1787 1385 2044 1452 δημοσίων
2070 1389 2174 1438 τῶν

284 1484 322 1526 Β
352 1487 405 1517 τε
430 1466 571 1517 ἰδίων
597 1463 712 1517 οὐδ’
738 1462 905 1518 ὁτιοῦν
931 1465 1263 1530 ἀπολιπόντες
1286 1469 1364 1520 ἐπὶ
1385 1470 1610 1531 Γαλλίας
1631 1466 1909 1540 ἐχώρησαν.
1999 1467 2172 1544 τρόπῳ
2188 1487 2240 1531 15

349 1552 404 1603 δὲ
431 1548 531 1622 ὅτῳ
553 1547 750 1618 Ῥώμην
768 1549 1032 1622 Ἀλάριχος
1056 1550 1207 1619 εἷλεν,
1256 1553 1351 1623 ἐγώ
1377 1551 1608 1622 δηλώσω.

508 1635 709 1704 Ἐπειδὴ
742 1633 928 1707 χρόνος
961 1638 1020 1690 τέ
1042 1639 1089 1691 οἱ
1116 1639 1271 1701 πολὺς
1304 1641 1356 1692 ἐν
1383 1644 1447 1710 τῇ
1475 1639 1776 1713 προσεδρείᾳ
1805 1639 2060 1710 ἔτέτριπτο
2087 1641 2171 1692 καὶ

346 1720 461 1774 οὔτε
497 1723 587 1796 βία
627 1719 741 1774 οὔτε
782 1725 878 1775 τινὶ
913 1730 1116 1795 μηχανῇ
1141 1724 1270 1795 ἄλλῃ
1293 1724 1465 1793 ἴσχυσε
1493 1725 1552 1779 τὸ
1573 1727 1762 1796 χωρίον
1785 1723 1938 1789 ἑλεῖν,
1985 1722 2171 1777 ἐπενόει

337 1806 483 1859 τάδε.
571 1812 672 1859 τῶν
709 1807 760 1858 ἕν
801 1813 874 1881 τῷ
910 1815 1114 1882 στρατῷ
1159 1815 1367 1863 νεανιῶν
1405 1809 1550 1864 οὔπω
1584 1808 1994 1880 γενειασκόντων,
2043 1809 2164 1862 ἀλλ’

340 1890 457 1961 ἄρτι
489 1889 785 1960 ἧβηκότων,
824 1896 1110 1961 τρικοσίους
1146 1893 1544 1963 ἀπολεξάμενος,
1592 1894 1779 1962 οἵσπερ
1813 1890 1865 1948 εὖ
1893 1915 1946 1947 τε
1974 1894 2165 1964 γεγονέ-
2179 1912 2246 1955 20·

342 1999 425 2029 ναι
452 1979 534 2030 καὶ
560 1975 687 2047 ὑπὲρ
711 1978 804 2045 τὴν
825 1976 1021 2047 ἡλικίαν
1048 1980 1231 2049 ἀρετῆς
1251 1986 1640 2048 μεταποιεῖσθαι
1666 1980 1932 2048 ἠπίστατο,
1978 1979 2166 2051 ἔφασκε

339 2063 431 2129 μὲν
474 2062 649 2123 αὐτοῖς
685 2061 858 2133 κρύφα
892 2062 961 2126 (ὃς
991 2067 1133 2135 σφίσι
1166 2071 1270 2119 τῶν
1298 2067 1350 2119 ἐν
1379 2063 1547 2137 Ῥώμῃ
1568 2067 1842 2135 πατρικίων
1866 2065 2031 2131 τινὰς,
2077 2064 2165 2119 ἅτε

159 2158 201 2199 V
230 2155 313 2201 346
342 2144 544 2209 δούλοις
583 2142 697 2200 οἶσι
731 2151 892 2217 δῆθεν
918 2155 991 2223 τῷ
1018 2147 1178 2223 λόγῳ,
1227 2147 1554 2222 δωρήσεσθαι
1580 2151 1770 2219 μέλλοι.
1859 2148 2165 2222 παρήγγελλε

450 2284 519 2327 12.
552 2284 618 2334 εἰς
648 2281 733 2338 ἔτι]
764 2284 893 2334 εἰςέτι
912 2285 970 2327 H.
1088 2288 1158 2331 16.
1186 2282 1430 2344 Ἀλάριχος]
1459 2285 1597 2343 Vulgo
1612 2283 1880 2342 Ἀλλάριχος.
1996 2287 2065 2331 19.
2096 2285 2163 2346 τῷ

445 2342 646 2400 στρατῷ]
675 2344 740 2399 τῷ
770 2358 851 2386 om.
882 2345 935 2386 A.

334 2454 476 2510 petiit,
505 2455 675 2512 trepide
701 2455 870 2512 fugiens
898 2461 942 2501 et
968 2456 1260 2514 incomposite.
1318 2457 1429 2500 Sunt
1468 2457 1541 2513 qui
1568 2456 1716 2500 dicant
1753 2459 1952 2500 evocatos
1982 2455 2036 2499 ab
2061 2455 2157 2512 ipso
2219 2511 2222 2516 .

333 2513 576 2564 Barbaros,
616 2527 708 2555 cum
737 2514 780 2555 in
811 2529 903 2557 eum
932 2515 1092 2558 subditi
1118 2515 1419 2557 rebellassent:
1462 2515 1538 2557 sed
1566 2515 1694 2566 mihi,
1735 2520 1935 2571 quantum
1966 2527 2018 2555 ex
2047 2513 2159 2556 illius

332 2568 473 2609 indole
504 2569 717 2612 coniicere
744 2571 863 2623 licet,
907 2587 1054 2629 parum
1082 2571 1127 2614 id
1158 2571 1363 2615 credibile
1390 2570 1622 2615 videretur.
1680 2573 1816 2615 Porro
1845 2585 2050 2626 nusquam
2079 2584 2158 2612 na—

333 2625 395 2666 cti
423 2624 583 2667 obicem
612 2628 809 2680 Barbari,
836 2643 884 2671 se
913 2629 1147 2673 mortalium
1178 2629 1358 2672 omnium
1387 2629 1697 2672 crudelissimos
1725 2629 2002 2685 praebebant.
2040 2628 2157 2683 Cap-

332 2686 401 2723 tas
431 2682 538 2724 enim
567 2685 695 2724 urbes
723 2685 785 2728 ita
812 2686 1027 2739 delebant,
1071 2693 1121 2729 ut
1152 2692 1323 2743 praeter
1351 2701 1472 2729 unam
1504 2686 1667 2738 turrim,
1697 2692 1773 2730 aut
1805 2693 1984 2743 portam,
2018 2685 2089 2727 vel
2118 2684 2156 2727 si

331 2738 434 2794 quid
462 2739 663 2780 eiusmodi
703 2742 839 2783 adhuc
870 2751 1031 2796 restat,
1077 2744 1233 2786 nullum
1275 2743 1329 2786 ad
1358 2758 1491 2786 meam
1531 2748 1715 2787 aetatem
1757 2757 1900 2786 earum
1928 2742 2156 2798 vestigium

330 2795 546 2847 extiterit,
598 2799 848 2852 praesertim
887 2802 1000 2841 citra
1038 2801 1172 2843 sinum
1210 2801 1386 2846 Ionium.
1447 2800 1612 2846 Obvios
1651 2814 1840 2857 quosque
1877 2799 2155 2856 perimebant,
2216 2822 2247 2853 χ

328 2866 452 2895 senes
491 2854 613 2895 iuxta
652 2868 701 2895 ac
743 2854 942 2906 iuvenes,
994 2871 1073 2898 nec
1109 2857 1275 2900 feminis
1314 2862 1565 2915 parcentes,
1613 2872 1693 2900 nec
1723 2858 1889 2913 puerisz
1939 2856 2036 2898 hinc
2062 2855 2151 2906 illa,

327 2924 440 2965 quae
480 2909 523 2950 in
554 2910 680 2952 Italia
709 2911 931 2955 etiamnum
961 2919 1054 2964 est,
1103 2913 1312 2955 hominum
1341 2914 1642 2969 infrequentia.
1699 2915 1915 2971 Europam
1945 2915 2154 2955 exhause-

326 2972 426 3008 runt
452 2967 646 3022 pecunia,
688 2982 738 3009 ac
769 2977 991 3025 postquam
1023 2969 1162 3025 (quod
1191 2976 1319 3027 caput
1349 2971 1433 3026 est)
1463 2971 1638 3014 Romam
1667 2971 1817 3025 opibus
1845 2983 1939 3012 cum
1970 2969 2152 3025 publicis

325 3027 414 3080 tum
452 3023 634 3080 privatis
675 3025 912 3079 spoliarunt
950 3027 1139 3077 omnino,
1190 3026 1234 3068 in
1262 3027 1449 3070 Galliam
1488 3027 1825 3081 commigrarunt.
1885 3027 1982 3078 Quo
2012 3032 2150 3068 autem

325 3080 447 3123 modo
479 3081 650 3123 Romam
681 3084 848 3137 ceperit
876 3083 1068 3125 Alaricus
1098 3084 1295 3126 narrabo.

437 3137 574 3180 Multo
603 3138 686 3180 iam
715 3145 905 3194 tempore
931 3140 975 3181 in
1005 3140 1222 3182 obsidione
1252 3145 1512 3196 consumpto,
1547 3145 1592 3183 et
1619 3141 1727 3183 urbe
1755 3154 1840 3197 qua
1867 3139 1911 3182 vi
1940 3154 2023 3195 qua
2053 3139 2148 3181 dolo

324 3207 454 3250 saepe
483 3195 646 3236 frustra
674 3200 862 3245 tentata,
909 3197 1127 3239 consilium
1158 3198 1238 3238 hoc
1269 3197 1543 3253 excogitavit.
1603 3197 1707 3240 Cum
1737 3212 1791 3240 ex
1819 3195 2148 3240 adolescentulis

326 3251 553 3304 exercitus,
583 3252 762 3294 nondum
794 3253 928 3308 prima
958 3254 1125 3296 vestitis
1153 3254 1367 3309 lanugine,
1399 3254 1475 3296 sed
1503 3268 1654 3298 recens
1681 3256 1950 3311 pubertatem
1978 3254 2147 3309 ingres-

322 3308 404 3361 sis,
436 3314 651 3351 trecentos
680 3310 932 3364 delegisset,
972 3324 1077 3366 quos
1105 3311 1280 3353 videbat
1308 3317 1353 3353 et
1380 3326 1537 3366 genere
1565 3313 1704 3356 claros
1733 3326 1852 3363 esse,
1883 3318 1927 3354 et
1954 3316 2145 3353 teneram

325 3370 506 3408 aet-atem
536 3365 670 3409 animo
712 3366 972 3423 praeterire,
1024 3367 1128 3410 clam
1156 3368 1253 3409 illos
1297 3370 1590 3424 praemonuit,
1638 3383 1687 3412 se
1715 3368 1917 3412 Patriciis
1943 3367 2145 3410 Romanis
2215 3388 2217 3397 ⁴

324 3422 455 3479 ipsos,
486 3429 684 3480 tanquam
714 3426 921 3479 servulos,
965 3424 1067 3467 ficto
1095 3424 1257 3467 scilicet
1286 3433 1415 3482 atque
1443 3426 1488 3468 in
1521 3427 1720 3484 speciem,
1749 3426 2012 3470 donaturum.
2072 3424 2143 3467 Si-

2227 3595 2240 3651 ελ.
