2254 3814
315 162 432 221 198
1049 159 1381 215 PROCOPII

309 325 453 373 ματα
474 302 566 372 μέν
588 304 637 357 οἳ
662 300 825 356 πολλὰ
856 298 883 355 ὅ
913 295 1160 371 Χοσρόης
1194 298 1338 368 ἠξίου
1364 293 1558 352 διδόναι
1576 296 1873 366 Ῥωμαίους,
1918 294 2129 370 παρῄνει

312 391 369 443 δὲ
388 389 460 458 μὴ
489 388 554 442 τὰ
578 387 821 456 χρήματα
857 386 909 440 ἐν
932 391 1005 459 τῷ
1029 386 1317 456 παραυτίκα
1353 382 1509 454 μόνον
1541 383 1912 454 παρεχομένους
1937 384 2029 450 τὴν
2059 386 2132 436 εἲ-

312 471 468 542 ρήνην
506 473 695 525 ἐθέλειν
735 455 794 534 ἐς
819 471 909 525 τὸν
949 468 1118 525 πάντα
1154 473 1316 525 αἰῶνα
1352 467 1723 541 κρατύνασθαι.
1811 468 1904 537 τὴν
1931 468 2028 538 γὰρ
2054 470 2131 521 ἐπὶ

159 571 203 614 Η
232 573 289 616 62
310 556 539 628 χρήμασι
562 556 825 627 γινομένην
863 553 1156 627 ἀνθρώποις
1190 557 1370 629 φιλίανμ
1391 554 1802 615 ἀναλισκομένοις
1840 554 1894 605 ἐκ
1927 558 2018 606 τοῦ
2053 554 2134 606 ἐπὶ

313 648 547 697 πλεῖστον
582 644 1009 703 ξυνὸαπανᾶσθαι
1047 647 1156 702 τοῖς
1188 637 1431 711 χρήμασι.
1519 641 1622 692 δεῖν
1660 639 1829 692 τοίνυν
1855 635 2176 706 Ῥωμαίουςὸ

311 723 498 780 τακτόν
514 747 564 779 τι
585 727 753 797 φέρειν
776 725 992 781 ἐπέτειον
1008 726 1252 795 Πέρσαις.
1297 722 1482 791 ,,Οῧτω
1507 723 1606 793 γὰρ
1635 723 1852 786 αὗτοῖς“
1883 722 1980 794 ἔφη
1998 764 2015 788 ,
2022 722 2137 790 ,τὴν

251 819 288 861 C
318 809 518 882 εῗρήνην
540 811 742 883 Πέρσαι
763 811 974 878 βέβαιον
998 810 1183 876 ἕξουσι,
1213 806 1308 871 τάς
1331 831 1383 863 τε
1406 809 1650 870 Κασπίας
1673 807 1819 861 αὐτοὶ
1843 807 2139 879 φυλάσσον-

312 917 396 958 τες
428 893 594 958 πύλας
625 899 707 950 καὶ
746 895 909 950 οὐκέτι
946 894 1121 958 αὐτοῖς
1157 892 1434 964 ἀχθόμενοι
1468 893 1553 946 διὰ
1579 890 1727 946 πόλιν
1749 889 1964 962 Δάρας,
2008 891 2137 965 ὖπέρ

316 975 386 1035 ὧν
406 980 651 1050 ἐᾷιμισθοι
668 983 751 1034 καὶ
765 981 910 1035 αὐτοὶ
927 982 975 1043 ἐς
990 980 1066 1034 ἀεὶ
1089 980 1353 1034 ἐ’σονται.“
1397 978 1683 1044 ,,Οὗκοῦν“
1699 978 1748 1032 οἱ
1762 978 1994 1048 πρέσβεις
2010 977 2139 1049 ἔφα-

315 1088 413 1120 σαν
455 1064 752 1132 ,,ὗποτελεΐς
781 1066 983 1137 Πέρσαι
1003 1063 1280 1134 βούλονται
1295 1062 1574 1132 Ῥωμαίους
1599 1062 1649 1126 ἔς
1674 1061 1841 1135 φόρου
1868 1063 2138 1138 ἀπαγωγὴν
2153 1075 2209 1119 10

317 1150 501 1218 ἔχειν.“
548 1150 690 1218 ,,Οὒ,
714 1150 843 1204 ἀλλὰ
873 1147 1191 1222 στρατιώτας
1204 1151 1454 1211 οἶκείους“
1494 1147 1624 1202 εἶπεν
1647 1149 1860 1215 ,ἕξουσι
1880 1148 1939 1202 τὸ
1963 1148 2141 1203 λοιπὸν

313 1236 525 1307 Πέρσας
545 1234 782 1305 Ῥωμαΐοι
796 1276 812 1300 ,
858 1235 1052 1304 μισθὸν
1081 1240 1173 1303 τῆς
1193 1233 1470 1304 ὑπουργίας
1493 1233 1665 1295 αὐτοῖς
1686 1239 2023 1304 χορηγοῦντες
2045 1233 2140 1306 ῥη-

313 1319 434 1374 τόν·
491 1323 595 1375 ἐπεὶ
631 1323 715 1374 καὶ
756 1319 965 1375 Οὕννων
999 1322 1100 1373 τισὶ
1136 1321 1219 1373 καὶ
1262 1325 1584 1389 Σαρακηνοῖς
1622 1318 1840 1372 ἐπέτειον
1883 1327 2140 1390 χορηγεῒτε

311 1405 536 1476 χρυσὸν,
585 1405 645 1459 οὐ
686 1403 851 1477 φόρου
892 1404 1067 1467 αὐτοῖς
1097 1402 1355 1466 ὑποτελεῖς
1381 1402 1548 1469 ὄντες,
1596 1403 1713 1456 ἀλλ’
1743 1402 1882 1466 ὅπως
1904 1399 2141 1476 ἀδῄωτον

313 1496 406 1560 γῆν
421 1491 513 1558 τὴν
535 1489 783 1560 ὑμετέραν
808 1487 1100 1562 φυλάξωσιν
1124 1491 1174 1553 ἐς
1190 1489 1279 1543 τὸν
1293 1485 1460 1542 πάντα
1490 1490 1714 1542 αἲῶνα.“
1754 1494 1968 1543 τοιαῦτα
1991 1493 2140 1543 Χοσ-
2157 1483 2239 1558 15ζ

251 1586 291 1629 D
323 1573 447 1645 ρόης
473 1597 527 1629 τε
550 1577 634 1629 καὶ
658 1576 705 1629 οἱ
732 1577 964 1645 πρέσβεις
985 1575 1150 1629 πολλὰ
1187 1574 1316 1646 πρὸς
1350 1571 1603 1640 ἀλλήλους
1630 1574 1979 1643 διαλεχθέντες
2003 1575 2144 1638 ξυνέ-

317 1667 487 1729 βησαν
522 1659 738 1733 ὕστερον
775 1661 864 1732 ἐφ’
898 1654 938 1734 ᾧ
966 1656 1212 1731 Χοσρόην
1241 1660 1294 1713 ἐν
1318 1660 1410 1727 μὲν
1434 1664 1507 1731 τῷ
1529 1661 1820 1731 παραυτίκα
1845 1657 2144 1731 κεντηνάρια

319 1743 631 1813 πεντήκοντα
659 1746 788 1816 πρὸς
808 1745 1069 1814 Ῥωμαίων
1090 1741 1348 1812 λαβόντα,
1394 1743 1537 1798 πέντε
1573 1746 1629 1799 δὲ
1661 1744 1828 1799 ἄλλων
1854 1745 2144 1816 φερομένων

320 1830 537 1884 ἐπέτειον
565 1833 616 1893 ἐς
639 1832 727 1885 τὸν
752 1829 920 1885 πάντα
945 1834 1107 1885 αἰῶνα
1131 1829 1358 1895 δασμὸν,
1402 1830 1562 1898 μηδὲν
1599 1830 1788 1893 αὐτοὺς
1822 1827 2144 1900 ἐργάσασθαι

319 1914 599 1986 περαιτέρω
633 1915 818 1982 κακὸν,
867 1915 986 1968 ἀλλ’
1028 1915 1185 1969 αὗτόν
1216 1915 1308 1983 μὲν
1334 1911 1558 1985 ὁμήρους
1577 1916 1655 1968 ἐπὶ
1680 1912 1841 1986 ταύτῃ
1866 1921 1928 1987 τῇ
1955 1913 2142 1982 ὅμολο-
2155 1928 2233 1973 20

320 2001 406 2073 yla
443 2001 587 2072 παρὰ
625 2007 727 2055 τῶν
771 1999 1030 2071 πρέσβεων
1068 1999 1422 2068 κεκομισμένον
1447 1999 1540 2067 τὴν
1564 2000 1874 2070 ἀποπορείαν
1899 2003 2048 2054 παντὶ
2071 2006 2144 2074 τῷ

322 2092 528 2158 στρατῷ
567 2086 618 2148 ἐς
659 2084 727 2140 τοὶ
766 2083 957 2157 πάτρια
995 2084 1105 2154 ἤθη
1139 2082 1488 2152 ποιήσασθαι,
1547 2087 1778 2140 ἐνταῦθα
1816 2087 1871 2139 δέ
1911 2087 2146 2156 πρέσβεις

323 2171 466 2240 παρὰ
505 2171 753 2237 βασιλέως
783 2170 1141 2224 Ἰουστινιανοῦ
1181 2169 1543 2236 στελλομένους
1582 2170 1676 2234 τὰς
1714 2170 1848 2243 ἀμφὶ
1883 2177 1946 2243 τῇ
1972 2169 2144 2243 εἰρήνῃ

325 2252 584 2327 ξυνθήκας
610 2258 661 2310 ἐν
686 2258 879 2331 βεβαίῳ
903 2255 962 2310 τὸ
988 2255 1163 2310 λοιπὸν
1188 2254 1398 2310 θέσθαι.

441 2377 509 2421 11.
539 2372 596 2423 οὗ
624 2379 675 2422 Α.
734 2375 820 2424 ου’κ
849 2378 900 2420 Ρ.

323 2476 443 2518 bant.
512 2477 689 2521 Demum
734 2477 947 2521 Chosroes
985 2476 1189 2534 grandem
1221 2491 1248 2521 a
1275 2474 1475 2521 Romanis
1517 2473 1737 2533 pecuniam
1766 2474 1916 2533 petiit,
1967 2474 2145 2532 illosque

329 2533 547 2576 admonuit
585 2549 639 2577 ne
669 2536 783 2592 apud
813 2550 860 2578 se
891 2539 1134 2579 statuerent
1174 2535 1303 2578 semel
1332 2548 1464 2590 penso
1492 2533 1536 2576 in
1565 2547 1768 2590 praesens
1797 2547 1901 2577 auro
1931 2538 2146 2576 aeternam

328 2603 475 2645 pacem
502 2592 693 2635 sancire:
723 2592 890 2635 iunctas
920 2593 1027 2634 enim
1059 2594 1238 2650 pecunia
1266 2592 1471 2635 amicitias
1504 2591 1775 2647 plerumque,
1807 2591 1902 2633 dum
1931 2590 2004 2632 illa
2032 2604 2146 2633 sum-

326 2653 406 2703 ptu
437 2647 648 2700 hauritur,
678 2663 771 2691 cum
801 2665 852 2692 ea
881 2649 1041 2706 pariter
1071 2650 1197 2692 minui
1221 2656 1352 2706 atque
1381 2649 1564 2692 absumi=
1591 2648 1740 2704 itaque
1769 2654 1971 2704 oportere
1990 2648 2148 2690 Roma-
2223 2681 2226 2685 .

327 2717 405 2746 nos
433 2710 592 2747 certum
622 2707 849 2760 quotannis
876 2707 970 2749 auri
999 2707 1164 2749 modum
1197 2707 1424 2764 pensitare.
1482 2707 1576 2748 Hoc
1602 2719 1785 2760 namque
1812 2711 1955 2759 pacto,
1983 2705 2147 2760 aiebat,·
2212 2731 2239 2759 3

329 2761 489 2803 Persae
509 2776 603 2803 cum
626 2763 831 2804 Romanis
847 2778 998 2817 pacem
1021 2765 1236 2807 habebunt
1258 2765 1479 2806 stabilem:
1514 2763 1665 2806 Portas
1690 2763 1868 2818 Caspias
1891 2763 2144 2814 custodient,
2217 2764 2237 2787 2'

329 2824 373 2859 et
397 2832 638 2862 succensere
674 2822 867 2862 cle-sinent
889 2821 938 2861 ob
964 2823 1180 2864 conditam
1214 2823 1358 2864 urbem
1381 2822 1572 2873 Daram,
1600 2821 1769 2875 quando
1799 2834 1875 2874 pro
1895 2820 1960 2861 his
1991 2834 2146 2875 perpe-

329 2881 450 2918 tuam
482 2878 715 2919 mercedem
742 2879 963 2932 accipient.
1023 2879 1180 2934 Legati
1209 2885 1382 2921 contra:
1430 2880 1548 2935 Ergo
1574 2877 1733 2920 Persae
1765 2877 1982 2919 Romanos
2013 2878 2147 2919 vecti·
2232 2918 2234 2926 ,

328 2934 456 2988 gales
478 2933 636 2977 habere
665 2936 825 2976 volunt.
886 2935 998 2976 Tum
1029 2936 1268 2987 Chosroes‚
1308 2937 1486 2978 Minime
1511 2950 1635 2987 vero,
1676 2934 1832 2990 inquit:
1881 2935 1958 2976 sed
1983 2934 2146 2989 proprii
2218 2930 2243 2975 ‘f

331 2990 621 3033 Romanorum
643 2992 799 3034 milites
820 2998 943 3032 erunt
967 2991 1124 3034 Persae
1143 2994 1189 3034 in
1212 3000 1440 3046 posterum,
1469 2999 1633 3035 statam
1649 2998 1841 3033 navatae
1858 3005 2013 3045 operae
2034 3005 2148 3033 mer-
2219 3005 2235 3039 'a

333 3048 478 3088 cedem
497 3051 713 3100 serentes,
746 3049 1084 3103 quandoquidem
1096 3051 1164 3092 vel
1190 3050 1358 3092 Hunnis
1382 3050 1633 3104 quibusdam
1655 3054 1698 3091 et
1713 3049 1940 3090 Saracenis
1955 3062 2146 3091 annuam
2225 3050 2230 3071 ²

330 3118 540 3146 summam
561 3107 777 3160 erogatis,
819 3120 902 3146 ποη
927 3107 1038 3159 quod
1062 3121 1204 3148 eorum
1223 3108 1318 3149 sitis
1341 3107 1638 3161 stipendiarii,
1679 3119 1827 3147 verum
1855 3111 1903 3148 ut
1926 3108 2039 3160 fines
2071 3119 2146 3148 ve·

331 3168 439 3204 stros
471 3163 524 3203 ab
549 3163 693 3204 hostili
720 3162 996 3218 populatione
1017 3163 1206 3205 innoxios
1229 3178 1361 3219 usque
1385 3165 1639 3206 custodiant.
1699 3162 1781 3205 His
1810 3162 1920 3204 ultro
1949 3162 2147 3219 citroque
2222 3188 2245 3219 ξ,-

330 3218 444 3261 inter
473 3219 702 3262 Chosroem
733 3227 776 3260 et
814 3220 982 3274 legatos
1011 3219 1263 3275 disputatis,
1302 3221 1471 3263 tandem
1512 3219 1734 3272 convenit,
1778 3226 1826 3262 ut
1860 3219 2072 3262 chosroes
2099 3219 2161 3261 in·
2208 3222 2239 3273 ,ἧς’

332 3277 577 3332 praesentia
606 3277 793 3331 quinque
816 3276 943 3318 millia
972 3276 1067 3317 auri
1096 3277 1263 3332 pondo,
1306 3292 1355 3320 ac
1384 3277 1563 3331 singulis
1591 3277 1710 3320 annis
1739 3276 1975 3333 quingenta
2002 3291 2028 3319 a
2057 3277 2161 3318 Ro-·
2215 3277 2238 3330 Ψ

332 3333 465 3375 manis
495 3333 737 3390 acciperet,
782 3347 920 3388 neque
948 3331 1054 3388 ipsis
1082 3341 1258 3375 noceret
1287 3334 1501 3389 amplius;
1550 3334 1625 3376 sed
1655 3341 1877 3390 postquam
1905 3333 2041 3388 legati
2068 3334 2147 3375 de·-
2214 3343 2242 3388 ff

333 3389 496 3433 dissent
523 3390 720 3447 promissi
749 3390 940 3441 obsides,
992 3405 1083 3431 cum
1113 3390 1310 3432 universo
1352 3392 1542 3433 exercitu
1580 3391 1837 3447 remigraret
1877 3391 1918 3432 in
1950 3390 2163 3447 patriam,

334 3448 483 3504 ibique
514 3448 632 3506 pacis
661 3452 871 3492 conventa
901 3446 1116 3490 sancirent
1144 3447 1302 3503 legati,
1334 3462 1441 3503 quos
1469 3448 1726 3492 Iustinianus
1742 3451 1848 3504 Aug.
1878 3447 2146 3492 destinasset.
2183 3466 2186 3470 ’
