2184 3822
207 214 288 272 76
954 213 1285 268 PROCOPII

206 357 373 428 ὀλίγον
399 357 511 412 τινὰ
546 361 717 427 χῶρον
744 352 931 415 αὖτοὺς
969 357 1260 424 ξυναγαγεῖν
1279 353 1557 426 ἀπείγοντο.
1647 350 1946 426 φθάσαντες
1972 356 2027 410 δὲ

198 440 435 511 Ῥωμαῖοι
459 444 543 495 καὶ
566 437 809 500 διελόντες
834 443 972 509 σφᾶς
993 438 1181 502 αὐτοὺς
1205 443 1274 503 εἷς
1301 443 1586 511 ξυμμορίας
1608 438 1700 494 δύο
1729 441 2028 509 ἀναχωροῦ-

202 548 282 581 σιν
322 529 377 580 ἔκ
411 532 503 580 τοῦ
546 521 820 594 περιβόλου
860 523 1130 590 ἐπέθεντο,
1176 522 1297 595 ὅπερ
1337 526 1505 595 ἐπειδὴ
1534 524 1671 588 ἅπας
1694 524 1819 579 εἶδεν
1843 524 1869 578 ὃ
1901 523 2027 578 Ῥω-

199 613 366 680 μαίων
393 609 637 680 στρατὸς,
684 605 984 678 ἐθάρσησάν
1018 631 1072 662 τε
1100 611 1184 663 καὶ
1212 607 1390 683 δρόμῳ
1411 615 1582 684 πολλῷ
1620 612 1675 663 ἔκ
1706 616 1797 664 τοῦ
1819 607 2028 678 περιβό-

200 702 291 749 λου
320 695 611 765 ξυρρέοντες
646 694 723 745 ἐπὶ
750 693 872 755 τοὺς
894 695 1152 756 ἐναντίους
1178 693 1458 765 ἐχώρησαν.
1545 695 1732 762 με’σους
1754 697 1811 748 δὲ
1839 694 2069 756 αὖτοῦς5

137 785 174 826 Β
202 776 641 848 καταστησάμενοι
680 781 749 840 εἷς
774 779 940 848 φυγὴν
967 779 1203 850 ἔτρεψαν.
1291 777 1478 847 πλήθει
1500 780 1700 846 μέντοι,
1749 778 1916 848 ὥσπερ
1943 781 2029 850 ε’ρ-

197 862 370 936 ρήθη,
416 869 520 918 τῶν
559 865 813 930 πολεμίων
841 864 890 916 οἳ
915 862 1173 935 βάρβαροι
1206 862 1563 935 ὖπεραίροντες
1599 863 1670 916 ἔτι
1694 863 1947 931 ἀντεῖχον,
1993 861 2028 931 ἤ

196 971 250 1003 τε
275 946 415 1017 μάχη
441 947 663 1019 καρτερὰ
690 946 894 1018 ἐγεγόνει
921 952 1004 1002 καὶ
1029 951 1082 1002 ἐκ
1105 949 1266 1019 χειρὸς
1290 944 1368 1018 ἦν.
1459 946 1830 1018 ἀγχιστρόφους
1856 949 1911 1000 δὲ
1937 948 2031 1009 τὰς

197 1031 392 1096 διώξεις
429 1034 693 1090 ἐποιοῦντο
745 1036 816 1095 εἷς
853 1031 1104 1102 ἀλλήλους
1150 1027 1401 1103 ἑκάτεροι,
1472 1035 1574 1087 ἐπεὶ
1612 1033 1774 1095 ἱππεῖς
1810 1031 2030 1094 ἅπαντες

197 1114 344 1188 ἦσαν.
433 1120 666 1172 ἐνταῦθα
697 1118 1016 1188 Φλωρὲντιος
1059 1121 1231 1192 Θρᾷξ,
1280 1115 1564 1188 καταλόγου
1602 1118 1806 1171 ἱππικοῦ
1836 1117 2024 1186 ἄρχων,
2044 1127 2100 1171 10

201 1206 271 1266 εἷς
290 1202 478 1270 με’σους
500 1200 734 1274 ὁρμήσας
756 1203 878 1265 τοὺς
899 1205 1170 1271 πολεμίους
1190 1205 1273 1256 καὶ
1297 1203 1467 1257 αὐτῶν
1493 1203 1552 1257 τὸ
1577 1202 1911 1273 στρατηγικὸν
1934 1223 2031 1271 ση-

198 1297 343 1357 μεῖον
366 1285 634 1359 ἁρπάσας,
680 1289 932 1350 εἶπικλίνας
968 1309 1021 1342 τε
1044 1287 1169 1341 αὐτὸ
1199 1286 1268 1350 ὥς
1291 1286 1548 1355 μάλιστα,
1595 1287 1757 1341 ὀπίσω
1795 1285 2029 1354 ἀπήλαυ-

203 1395 302 1427 νεν.
381 1375 466 1426 καὶ
494 1373 649 1434 αὐτὸς
675 1374 767 1439 μὲν
792 1375 1143 1443 καταληφθείς
1163 1394 1215 1425 τε
1237 1375 1320 1425 καὶ
1346 1375 1707 1443 κρεουργηθεὶς
1731 1372 1892 1425 αὐτοῦ
1914 1370 2030 1425 ἕπε-

203 1478 259 1511 σε
274 1498 291 1522 ,
338 1463 431 1524 τῆς
455 1459 510 1510 δὲ
533 1458 671 1525 νίκης
689 1454 954 1524 Ῥωμαίοις
982 1454 1282 1518 αἰτιώτατος
1303 1457 1512 1525 γέγονεν.
1601 1458 1702 1509 ἐπεὶ
1723 1457 1820 1528 γὰρ
1849 1457 1907 1510 τὸ
1933 1477 2030 1525 ση-

200 1550 345 1610 μεῖον
369 1542 420 1595 οἱ
441 1539 701 1611 βάρβαροι
730 1542 893 1594 οὐκέτι
920 1538 1093 1611 ἑώρων
1105 1581 1122 1606 ,
1169 1542 1220 1601 ἐς
1241 1541 1492 1609 ἀκοσμίαν
1518 1562 1573 1594 τε
1610 1541 1803 1610 πολλὴν
1827 1543 1909 1594 καὶ
1939 1541 2026 1612 ὀρ-
2044 1548 2098 1591 15

201 1628 392 1698 ρωδίαν
415 1623 792 1694 ἐμπεπτωκότες
812 1623 1149 1696 ὖπεχῶρησάν
1173 1647 1224 1679 τε
1247 1627 1332 1678 καὶ
1354 1622 1607 1694 γενόμενοι
1630 1627 1683 1680 ἓν
1708 1631 1780 1699 τῷ
1806 1647 2028 1695 στρατο-

133 1714 174 1757 C
203 1712 340 1784 πέδῳ
366 1708 638 1780 ἡσύχαζον,
683 1711 904 1772 πολλοὺς
930 1713 980 1765 ἐν
1008 1716 1072 1782 τῇ
1095 1707 1236 1782 μάχῃ
1262 1708 1625 1777 ἀποβαλόντες.
1704 1717 1769 1782 τῇ
1798 1732 1850 1764 τε
1877 1708 2028 1763 ὓστε-

197 1798 320 1870 ραία
343 1795 427 1848 ἐπ’
470 1796 610 1849 οἴκου
638 1794 856 1859 ἅπαντες
881 1794 1208 1865 ἀνεχώρησαν
1235 1795 1440 1857 οὐδενὸς
1470 1797 1644 1866 σφίσιν
1669 1795 2023 1864 ἐπισπομένου,

195 1883 300 1934 ἐπεὶ
322 1880 453 1951 μέγα
479 1902 533 1934 τε
557 1882 641 1933 καὶ
671 1878 823 1950 λόγου
853 1886 1044 1934 πολλοῦ
1079 1880 1220 1943 ὀίξιον
1257 1881 1488 1950 ἐφαίνετο
1525 1878 1650 1933 εἶναι
1671 1886 1743 1954 τῷ
1764 1878 2026 1947 Ῥωμαίων

194 1970 401 2039 στρατῷ
422 1961 726 2035 βαρβάρους
749 1963 1028 2028 τοσούτους
1050 1965 1108 2019 τὸ
1134 1970 1339 2032 πλῆθος
1362 1963 1414 2018 ἕν
1438 1985 1492 2019 τε
1531 1971 1596 2036 τῇ
1639 1965 1859 2039 σφετέρᾳ
1879 1962 2025 2039 χώρᾳ
2038 1972 2096 2016 20

190 2051 354 2103 ἐκεῖνα
383 2050 691 2103 πεπονθέναι
715 2047 842 2120 ἅπερ
866 2073 956 2119 μοι
979 2051 1146 2119 ὀλίγον
1171 2049 1461 2121 ἔμπροσθεν
1490 2049 1701 2121 εἴρηται,
1747 2052 1831 2103 καὶ
1859 2051 1909 2111 ἐς
1932 2050 2026 2117 τὴν

190 2136 440 2203 πολεμίαν
462 2132 842 2203 ἐμβεβληκότας
853 2177 869 2201 ,
916 2132 1212 2206 ἀπράκτους
1236 2156 1290 2190 τε
1318 2137 1403 2189 καὶ
1423 2133 1559 2190 οὕτω
1594 2135 1724 2208 πρὸς
1747 2140 1851 2191 τῶν
1873 2136 2024 2189 ἐλασ-

190 2217 361 2276 σόνων
387 2217 706 2289 ἧσσημίνους
741 2220 1112 2292 ἀπαλλαγῆναι.

309 2411 353 2455 6.
381 2407 586 2469 ἐρρήθη]
617 2408 787 2470 ἐρῤἐθη
814 2411 865 2456 Ρ.

192 2580 241 2623 in
270 2583 430 2623 arctum
458 2595 555 2634 sese
583 2596 741 2639 cogere
767 2587 1062 2640 properarunt.
1122 2583 1412 2627 Praevertunt
1438 2581 1642 2635 Romani,
1671 2596 1724 2626 ac
1752 2581 1882 2626 divisi
1907 2581 2023 2626 bifa-

191 2637 330 2689 riam,
359 2637 455 2680 illos
485 2651 511 2680 a
540 2653 656 2682 muro
686 2655 733 2682 se
763 2642 1001 2684 referentes
1030 2640 1294 2684 adoriuntur.
1353 2640 1453 2691 Quo
1482 2639 1576 2683 viso
1605 2640 1738 2683 erecti
1767 2639 1927 2683 meteri
1956 2641 2024 2683 ef-

190 2694 348 2736 fudere
377 2707 425 2736 se
453 2696 615 2750 portis,
654 2697 1024 2753 interceptumque
1053 2699 1215 2740 hostem
1243 2699 1288 2740 in
1316 2698 1458 2752 fugam
1486 2701 1731 2748 verterunt3
1771 2697 1835 2739 ita
1862 2703 2022 2749 tamen,

192 2756 255 2793 ut.
275 2750 453 2793 subinde
474 2752 717 2806 resisteret,
762 2754 921 2811 quippe
948 2769 1121 2797 numero
1151 2755 1277 2810 longe
1303 2753 1522 2811 superior,
1562 2761 1612 2796 ut
1631 2754 1837 2798 dicebam.
1897 2753 2024 2796 Acris

194 2815 293 2850 erat
331 2807 571 2860 dimicatio,
617 2815 660 2853 et
688 2823 758 2852 res
789 2825 911 2853 manu
940 2813 1197 2866 gerebatur,
1237 2825 1415 2868 cumque
1448 2825 1592 2853 omnes
1620 2826 1673 2853 ex
1707 2811 1826 2867 equis
1855 2825 2023 2867 pugna—

191 2871 307 2915 rent,
337 2865 507 2907 incursu
536 2866 665 2909 celeri
695 2881 746 2910 ac
776 2881 949 2910 recursu
977 2882 1071 2909 sese
1099 2868 1279 2911 invicem
1308 2868 1588 2913 lacessebant.
1647 2867 1773 2910 Tunc
1796 2868 1840 2910 in
1861 2867 2023 2910 medios

193 2921 342 2963 hostes
369 2921 562 2964 invectus
592 2923 837 2966 Florentius
865 2925 1015 2967 Thrax
1037 2931 1200 2968 turmae
1233 2925 1443 2981 equestris
1471 2925 1629 2967 ductor
1659 2925 1858 2968 vexillum
1886 2924 2023 2967 Prae·-

190 2978 349 3021 torium
389 2979 562 3035 rapuit,
606 2994 740 3036 eoque
782 2981 838 3023 ad
865 2981 999 3024 solum
1027 2980 1231 3024 inclinato
1258 2996 1350 3024 cum
1377 2980 1432 3023 ad
1459 2995 1558 3023 suos
1589 2980 1775 3035 rediret,
1827 2995 2022 3036 compre-

190 3034 347 3077 hensus
387 3041 432 3077 et
466 3035 510 3078 in
539 3036 680 3078 frusta
712 3039 908 3080 concisus
935 3037 1107 3081 occidit.
1167 3040 1234 3081 Ab
1263 3038 1358 3094 ipso
1388 3038 1567 3080 maxime
1594 3046 1694 3081 nata
1723 3044 1789 3081 est
1817 3037 2021 3093 Romanis

188 3091 388 3134 victoria.
448 3092 497 3133 Si
537 3093 705 3148 quidem
745 3095 952 3146 Barbari,
991 3095 1160 3137 sublato
1203 3110 1259 3137 ex
1295 3094 1428 3139 oculis
1455 3094 1635 3147 vexillo,
1674 3096 1826 3137 misere
1854 3095 2022 3136 turbati

185 3153 312 3199 sunt,
353 3153 397 3190 et
426 3153 593 3191 terrore
622 3151 824 3194 concitati
851 3165 1020 3193 cessere
1047 3157 1189 3194 retro:
1234 3151 1395 3195 demum
1423 3151 1468 3193 in
1496 3157 1639 3194 castra
1666 3165 1714 3193 se
1743 3152 2022 3206 collegerunt,

187 3204 332 3247 multis
363 3205 587 3260 pugnando
617 3207 796 3250 amissis.
856 3207 1075 3251 Postridie
1096 3208 1276 3264 patriam
1301 3207 1595 3264 repetierunt,
1623 3222 1760 3264 neque
1779 3208 1875 3250 illos
1901 3208 2022 3263 quis-

188 3275 315 3317 quam
341 3250 558 3304 insecutus
587 3268 666 3306 est.
726 3265 856 3315 Quod
885 3264 995 3308 enim
1021 3269 1142 3307 tanto
1171 3279 1344 3308 numero
1370 3265 1554 3308 Barbari
1581 3279 1699 3316 eam,
1737 3278 1860 3320 quam
1891 3265 2018 3320 paulo

188 3331 323 3373 supra
349 3319 696 3371 memoravimus,
739 3321 900 3364 cladem
927 3321 971 3363 in
1000 3335 1133 3376 regno
1170 3335 1246 3364 suo
1287 3322 1580 3378 accepissent,
1629 3327 1675 3364 et
1713 3335 1821 3363 nunc
1859 3320 1903 3363 in
1939 3323 2019 3364 ho-

191 3375 294 3418 stile
327 3374 510 3431 ingressi
551 3376 752 3420 lusissent
791 3392 992 3434 operam,
1033 3384 1162 3433 atque
1201 3393 1227 3420 a
1268 3379 1540 3434 paucioribus
1579 3378 1665 3420 fusi
1711 3378 2021 3435 profligatique

191 3432 525 3533 absgessissenu
562 3433 607 3477 id
637 3449 740 3480 vero
770 3435 983 3479 Romanus
1011 3433 1228 3478 exercitus
1254 3449 1450 3490 magnum
1478 3440 1524 3480 et
1551 3435 1717 3479 illustre
1746 3448 1842 3479 esse
1869 3433 2020 3478 existi-

190 3503 261 3533 ma
291 3494 350 3534 at.
