2254 3814
332 186 453 242 258
1078 183 1412 236 PROCOPII

329 327 470 396 με’νοι
487 343 500 359 ·
539 325 641 380 ἐπεὶ
666 332 773 387 τοῖς
799 320 1096 394 ἀνθρώποις
1123 322 1220 377 ὅσα
1247 323 1496 393 ε’μπέπηγε
1523 319 1721 396 φόσειῆ
1747 318 1935 394 χρόνου
1960 329 2162 393 μακροῦ

330 413 635 485 διδασκαλίᾳ
674 410 840 483 ῥᾷστα
883 410 944 477 δὴ
990 409 1125 463 οὕτω
1163 407 1579 477 μεταβάλλεσθαι
1616 405 1844 462 ἀδύνατά
1883 410 2045 475 ἔστιν,
2085 409 2162 463 ὅτι

327 498 401 568 μὴ
427 499 572 551 θείου
599 496 733 557 τινὸς
756 494 962 564 ἀγαθοῦ
986 493 1408 557 ἔπιπνείσαντος·
1437 495 1568 548 ἀλλὰ
1590 492 1705 548 τότε
1729 492 1799 556 ὥς
1822 497 1974 547 εἰπεῖν
1998 494 2162 547 ἅπαν-

327 605 410 645 τες
434 579 902 649 καταπεπληγμένοι
931 581 1024 647 μὲν
1056 588 1166 642 τοῖς
1187 581 1556 647 συμπίπτουσι,
1605 577 1946 648 τεθνήξεσθαι
1985 581 2040 632 δὲ
2066 579 2163 632 αι’·-

259 671 298 714 Ῑ)
328 671 441 721 τίκα
468 667 532 734 δὴ
557 664 698 733 μάλα
726 663 962 731 οῗόμενοι,
992 663 1210 736 ἀνάγκῃ,
1247 663 1315 728 ὥς
1335 666 1394 719 τὸ
1419 665 1549 727 εἰκὸς
1562 707 1578 730 ,
1622 663 1762 736 πάσῃ
1789 664 1880 733 τὴν
1904 665 2203 720 ἓπιείκειανό

326 755 407 805 ε’πὶ
431 756 611 822 καιροῦ
645 747 1053 818 μετεμάνθανον.
1143 748 1307 803 ταῦτά
1341 773 1454 816 τοι,
1502 751 1673 818 ἐπειδὴ
1703 748 1918 818 τάχιστα
1945 756 2038 818 τῆς
2075 748 2164 803 νό-

327 859 421 891 σου
455 836 827 906 ἀπαλλαγέντες
876 833 1155 904 ἐσώθησαν
1189 835 1240 888 ἴν
1273 857 1325 888 τε
1362 841 1435 908 τῷ
1473 835 1700 906 ἀσφαλεῖ
1732 840 2032 904 γεγενῆσθαι
2063 834 2163 903 ἤδη

324 919 683 987 ὖπετόπασαν,
729 919 818 974 ἅτε
858 927 951 973 τοῦ
983 927 1141 974 κακοῦ
1170 921 1257 973 ἐπ’
1296 920 1485 983 ἄλλους
1509 918 1802 991 ἀνθρώπων
1831 920 1973 981 τινὰς
2004 941 2164 988 κεχω-

328 1006 572 1078 ρηκότος,
606 1007 971 1077 ἀμφίστροφον
1002 1001 1161 1068 αὖθις
1186 1012 1280 1074 τῆς
1312 1004 1516 1075 γνώμης
1544 1007 1636 1074 τὴν
1676 1005 1967 1073 μεταβολὴν
1993 1007 2070 1057 ἐπὶ
2097 1005 2162 1058 τὰ

321 1097 475 1164 χείρω
514 1092 837 1160 πεποιημένοι
880 1097 1079 1159 μᾶλλον
1115 1090 1147 1159 ἢ
1189 1089 1437 1161 πρότερον
1481 1092 1573 1160 τὴν
1613 1096 1716 1144 τῶν
1740 1088 2152 1159 ἐπιτηδευμάτων
2171 1104 2225 1144 10

324 1179 543 1232 ἀτοπίαν
570 1179 926 1242 ἐνδείκνυνται,
963 1183 1099 1248 σφᾶς
1126 1177 1315 1237 aizoi-9
1337 1174 1562 1244 μάλιστα
1585 1181 1648 1248 τῇ
1671 1198 1725 1229 τε
1748 1179 1965 1249 πονηρίᾳ
1993 1178 2074 1229 καὶ
2102 1181 2164 1247 τῇ

323 1263 455 1335 ἄλλῃ
488 1264 784 1335 παρανομίᾳ
821 1259 1160 1330 νενικηκότες·
1250 1262 1354 1314 ἐπεὶ
1387 1263 1468 1312 καὶ
1506 1258 1966 1331 ἀπισχυρισάμενος
1992 1261 2053 1314 ι’ίν
2090 1282 2166 1323 τις

326 1349 388 1402 οὐ
414 1349 479 1402 τὰ
507 1351 677 1416 ψευδῆ
703 1339 832 1399 εἴποι
859 1344 928 1408 ὥς
956 1344 987 1415 ἦ
1020 1345 1172 1408 νόσος
1199 1344 1290 1413 ἣδε
1330 1345 1426 1398 εἴτε
1451 1344 1579 1418 τύχῃ
1615 1349 1710 1399 τινὶ
1746 1347 1841 1399 εἴτε
1876 1348 2089 1420 προνοίᾳ
2114 1347 2165 1409 ἐς

324 1437 385 1488 τὸ
411 1434 616 1505 ἀκριβὲς
636 1431 983 1500 ἇπολεξαμένη
1010 1431 1131 1493 τοὺς
1154 1428 1537 1501 πονηροτάτους
1559 1431 1767 1503 ἀφῆκεν.
1840 1431 1971 1485 ἀλλὰ
1999 1437 2164 1485 ταῦτα

321 1521 416 1588 μὲν
445 1525 518 1593 τῷ
547 1517 744 1590 ὖστὲρῳ
772 1516 1124 1570 ἀποδέδεικται
1148 1515 1337 1590 χρόνῳ.
2180 1530 2234 1574 15

146 1602 183 1645 Ρ
216 1600 295 1646 147
497 1601 631 1657 Τότε
663 1604 718 1655 δὲ
747 1600 1063 1672 άγοράζοντά
1090 1624 1203 1655 τινα
1230 1602 1324 1656 οὐκ
1347 1601 1547 1663 εὐπετὲς
1570 1598 1729 1655 ἐδόκει
1756 1599 1881 1655 εἶναι
1910 1600 1962 1655 ἕν
1988 1623 2040 1672 γε
2058 1605 2166 1655 Βυ-

323 1691 506 1763 ζαντίῳ
545 1691 697 1754 ῗδεΐν,
747 1688 872 1741 ἀλλ’
915 1689 1044 1742 οἴκοι
1086 1685 1368 1757 καθήμενοι
1411 1686 1663 1753 ἅπαντες,
1726 1686 1865 1751 ὅσοις
1905 1689 2166 1754 ξυνέβαινε

322 1775 381 1830 τὸ
410 1781 562 1843 σῶμα
599 1776 894 1844 ἐρρῶσθαι,
941 1773 973 1842 ἢ
1011 1773 1133 1836 τοὺς
1169 1779 1449 1836 νοσοῦντας
1486 1771 1831 1843 ἐθεράπευον,
1879 1772 2061 1842 ἢτοὺς
2082 1795 2165 1826 τε-

323 1857 688 1930 τελευτηκότας
724 1857 995 1929 ἐθρήνουν.
1083 1858 1148 1928 ἢν
1194 1861 1254 1912 δέ
1290 1880 1366 1921 τις
1412 1861 1495 1912 καὶ
1531 1855 1758 1929 προϊόντι
1803 1860 1900 1911 τινὶ
1946 1861 2166 1926 ἐντυχεῖν

322 1947 528 2014 ἴσχυσεν
538 1986 555 2011 ,
603 1943 687 1998 ὅδε
720 1950 823 1997 τῶν
849 1966 961 1997 τινα
987 1949 1177 2013 νεκρῶν
1202 1943 1392 2016 ἔφερεν.
1482 1945 1693 2013 ε’ργασία
1719 1965 1771 1997 τε
1800 1941 2041 2009 ξύμπασα
2070 1943 2251 2014 νι’)’ρ-Ξθ,

322 2053 397 2101 γει
432 2032 515 2084 καὶ
548 2029 641 2092 τὰς
674 2029 850 2098 τέχνας
886 2030 934 2083 οἱ
969 2039 1187 2098 τεχνῖται
1220 2036 1456 2099 μεθῆκαν
1493 2027 1698 2091 ἁπάσας
1709 2071 1725 2095 ,
1783 2028 1904 2098 ἔργα
1938 2050 1991 2081 τε
2031 2029 2164 2082 ἄλλα

317 2115 416 2171 ὅσα
454 2116 518 2185 δὴ
557 2116 760 2169 ἕκαστοι
790 2115 843 2169 ἐν
877 2118 1052 2187 χερσὶν
1090 2113 1237 2184 εἶχον.
1325 2118 1378 2169 ἐν
1405 2112 1546 2168 πόλει
1570 2119 1693 2185 γοῦν
1718 2114 1939 2186 ἀγαθοῖς
1971 2112 2163 2169 ἅπασιν

431 2269 477 2312 3.
507 2262 640 2321 τότε]
681 2262 734 2310 τό
766 2279 816 2322 γε
843 2265 936 2308 PV.
1051 2266 1095 2310 5.
1134 2265 1294 2325 πάσῃ]
1335 2267 1450 2311 πᾶσι
1479 2265 1531 2309 Α.
1658 2266 1761 2309 ibid.
1807 2259 1891 2320 τήν
1929 2265 2030 2311 add.
2062 2267 2162 2309 AV:

435 2323 518 2367 om.
550 2323 604 2368 P.
717 2325 761 2367 7.
785 2321 834 2366 ἔν
863 2323 926 2379 τε]
961 2321 1011 2368 ἐν
1036 2322 1086 2368 δὲ
1112 2326 1163 2367 Α.
1285 2326 1352 2368 11.
1383 2321 1698 2368 ἐνδείκνυνται
1728 2324 1781 2366 V.
1833 2322 2094 2369 ἐδείκνυντο
2112 2325 2161 2366 P.

438 2382 507 2424 13.
539 2380 820 2435 εἴτε-εἴτε]
849 2378 1086 2438 ἥτε-ἤτε
1117 2382 1170 2424 V.
1259 2383 1328 2426 16.
1357 2377 1560 2438 εὐπετὲς]
1592 2377 1796 2431 εὐπετῶς
1826 2386 1875 2426 Α.
1903 2431 1921 2451 ³
1962 2384 2032 2425 ΞΟ.
2059 2380 2159 2436 ὅδε]

437 2435 464 2482 ὁ
495 2436 547 2482 δὲ
582 2439 631 2480 V.
746 2439 850 2481 ibid.
879 2439 1083 2496 νεκρῶν]
1112 2437 1278 2495 νεκρόν
1298 2442 1349 2484 Α.
1466 2442 1538 2484 22.
1566 2441 1682 2496 γοῦν
1711 2439 1802 2482 AV.
1862 2455 1948 2485 ουν
1975 2441 2025 2483 Ρ.

328 2579 441 2621 quae
470 2564 709 2609 hominibus
738 2565 810 2609 vel
838 2571 1019 2621 natura,
1049 2568 1119 2611 vel
1149 2567 1349 2611 diuturno
1379 2581 1457 2612 usu
1488 2582 1540 2611 ac
1568 2567 1796 2625 disciplina
1823 2566 2065 2622 inolevere,
2109 2583 2161 2612 ea

323 2629 376 2664 ut
404 2628 491 2664 tam
525 2622 653 2664 facile
685 2630 905 2668 mutentur
933 2625 1027 2668 fieri
1058 2626 1236 2682 nequit,
1276 2625 1357 2668 nisi
1399 2626 1583 2669 divinum
1626 2625 1824 2681 quiddam
1854 2625 2017 2668 asflarit
2044 2640 2162 2669 men-

323 2684 432 2722 tem:
475 2679 550 2721 sed
593 2679 694 2734 quia
735 2681 830 2724 fere
867 2683 1061 2738 plerique
1104 2683 1294 2734 casibus,
1338 2697 1446 2739 quos
1478 2683 1702 2735 videbant,
1741 2682 1936 2735 attoniti,
1971 2685 2161 2739 proxime

322 2736 408 2779 sibi
436 2735 683 2792 impendere
713 2742 886 2781 mortem
915 2741 1174 2790 credebant,
1214 2754 1374 2784 summa
1416 2740 1583 2783 scilicet
1611 2741 1870 2783 necessitate
1899 2740 2041 2783 adacti
2070 2755 2162 2784 mo·
2240 2775 2241 2781 ,

298 2793 504 2843 ,ὀεεῑὶεω
534 2808 588 2835 ex
630 2800 824 2850 tempore
854 2795 1093 2840 discebant.
1154 2798 1251 2839 Hac
1290 2799 1344 2840 de
1373 2811 1505 2840 causa
1542 2804 1590 2840 ut
1619 2800 1796 2855 primum
1837 2813 1861 2839 e
1890 2798 2034 2840 morbo
2066 2799 2163 2840 fue-
2226 2800 2246 2853 »ζ

325 2856 428 2892 rant
455 2850 674 2903 recreati,
717 2851 1057 2910 induxeruntque
1086 2855 1129 2896 in
1160 2855 1342 2897 animum
1385 2856 1609 2898 defunctos
1638 2855 1719 2898 iam
1750 2869 1798 2897 se
1827 2868 1922 2896 esse
1953 2854 2159 2910 periculo,

322 2913 525 2961 tanquam
565 2906 602 2948 si
642 2907 725 2950 alio
765 2909 892 2965 longe
933 2911 1158 2965 migrasset
1196 2912 1312 2964 lues,
1358 2919 1499 2956 mente
1536 2920 1653 2959 retro
1694 2912 1737 2954 in
1790 2912 1978 2954 deterius
2017 2926 2160 2965 versa,
2219 2912 2254 2970 f„

321 2963 455 3006 multo
485 2963 620 3018 magis
653 2978 775 3020 quam
808 2972 936 3010 antea
963 2968 1188 3020 dissoluti,
1226 2982 1275 3011 se
1302 2969 1388 3026 ipsi
1418 2969 1690 3024 improbitate
1718 2972 1848 3024 atque
1889 2968 1999 3010 omni
2029 2968 2159 3024 flagi·
2238 2984 2243 2994 Δ

323 3020 478 3062 tiorum
507 3034 670 3076 genere
698 3025 984 3078 superabant:
1016 3033 1065 3067 ut
1095 3039 1198 3068 vex-e
1227 3027 1322 3082 quis
1352 3025 1489 3082 possit
1516 3026 1685 3078 dicere,
1718 3032 1879 3081 pestem
1908 3025 2020 3070 illam
2038 3059 2051 3078 ‚
2080 3040 2158 3069 seu

325 3090 428 3131 casu
457 3077 630 3133 aliquo,
669 3091 745 3121 seu
785 3081 1088 3136 providentia,
1130 3083 1257 3138 quasi
1301 3083 1468 3125 delectu
1498 3082 1728 3137 diligenter
1758 3083 1928 3134 habito,
1970 3083 2159 3127 scelera·
2228 3115 2241 3130 .»

322 3134 509 3180 tissimus
539 3148 731 3190 quosque
757 3137 994 3192 reliquisse.
1052 3139 1139 3181 Sed
1170 3141 1277 3182 haec
1305 3147 1456 3195 postea
1486 3139 1640 3181 clarius
1671 3145 1916 3196 patuerunt.

441 3191 566 3234 Tunc
595 3198 733 3235 autem
749 3193 947 3249 Byzantii
972 3209 1056 3237 non
1085 3201 1180 3238 erat
1207 3196 1336 3238 facile
1363 3196 1512 3238 videre
1543 3203 1783 3238 versantem
1813 3197 1854 3238 in
1885 3199 1981 3240 foro
2011 3211 2158 3255 quem·
2222 3227 2238 3254 f,

326 3247 467 3306 piam:
498 3248 574 3291 sed
603 3250 843 3305 quicunque
883 3265 1064 3307 corpore
1094 3261 1217 3294 erant
1245 3252 1412 3306 valido,
1457 3253 1568 3295 domi
1597 3267 1644 3295 se
1672 3254 1964 3306 continentes,
1992 3256 2061 3297 vel
2089 3255 2157 3298 in·
2208 3255 2245 3315 ,ᾗ

326 3305 576 3349 serviebant
605 3307 810 3361 aegrotis,
838 3307 908 3350 vel
937 3314 1123 3351 mortuos
1152 3309 1368 3365 lugebant.
1426 3309 1475 3351 Si
1505 3309 1670 3366 quis-in
1700 3312 1874 3367 publico
1908 3325 2155 3368 quemquam
2211 3312 2246 3367 Ἃ,

329 3362 580 3406 offendebat
601 3394 616 3414 ,
667 3364 706 3405 is
749 3363 937 3406 cadaver
982 3367 1184 3422 portabat
1234 3365 1422 3422 aliquod.
1482 3367 1685 3410 Cessarat
1722 3369 1856 3411 omnis
1893 3370 2156 3424 negotiatio:

328 3433 473 3462 omnes
512 3420 701 3463 artifices
737 3433 838 3463 suas
880 3426 995 3464 artes
1046 3422 1294 3474 desierant,
1345 3429 1391 3465 et
1429 3425 1646 3481 quaelibet
1683 3426 1826 3482 quivis
1866 3424 2156 3469 intermiserat

327 3489 488 3533 opera,
516 3491 627 3535 quae
654 3478 845 3522 habebat
870 3477 917 3522 in
941 3478 1149 3526 manibus.
1206 3479 1322 3523 Hinc
1349 3486 1453 3524 nata
1478 3488 1670 3526 extrema
1695 3483 1856 3536 fames,
1884 3483 1931 3526 in
1959 3483 2153 3535 civitate,
