2184 3822
277 173 397 233 106
425 209 428 211 ·
1014 175 1346 230 PROCOPII

272 319 410 372 λειάν
434 312 803 390 παραλαβόντι,
852 314 986 370 οῧτω
1012 339 1065 372 τε
1091 318 1184 388 τὴν
1207 318 1369 392 ἀρχὴν
1393 311 1716 392 ἐκρατύνατο.
1807 317 1935 373 ἀλλὰ
1967 324 2093 374 ταῦ-

270 427 336 460 τα
361 406 454 474 μὲν
469 402 639 477 χρόνῳ
661 409 734 475 τῷ
761 401 957 476 ὑστέρῳ
990 403 1197 474 ἐγένετο.

92 503 130 546 V
156 502 243 549 264
445 487 577 542 Τότε
620 490 674 541 δὲ
698 489 1055 551 Ἰουστινιανός
1081 487 1106 543 ὃ
1132 489 1372 556 βασιλεὺς
1399 489 1450 543 ἓν
1482 489 1576 558 μὲν
1599 487 1831 556 Αἰθίοψι
1853 486 2094 556 βασιλεί-

271 595 418 636 οντος
447 572 816 641 Ἑλλησθεαιόυ
831 613 848 639 ,
898 572 1202 646 Ἐσιμφαιόυ
1234 577 1291 629 δὲ
1325 577 1376 628 ἓν
1409 572 1734 645 Ὁμηρίταις,
1781 574 2093 643 πρεσβευτὴν

263 658 540 713 Ἰουλιανὸν
570 657 810 726 ἔπεμψεν,
837 658 990 722 ἀξιῶν
1013 659 1168 732 ἄμφω
1189 659 1455 729 Ῥωμαίοις
1476 659 1560 713 διὰ
1586 660 1644 712 τὸ
1673 665 1769 727 τῆς
1791 656 1942 727 δόξης
1969 657 2137 726 opto-5

269 765 469 814 γνωμον
501 742 732 814 Πέρσαις
772 750 1048 812 πολεμοῦσι
1101 744 1424 816 ξυνάρασθαι
1438 785 1454 810 ,
1523 742 1660 806 ὅπως
1702 746 1961 806 Αἰθίοπες
2004 745 2096 811 μὲν

269 825 550 895 ιῧνούμενοί
567 850 621 882 τε
649 828 743 897 τὴν
767 829 991 898 με’ταξαν
1016 832 1069 894 ἐξ
1087 830 1277 898 Ἰνδῶν,
1306 826 1613 898 ἀποδόμενοι
1639 830 1694 882 δὲ
1717 829 1877 896 αὐτὴν
1902 831 1953 890 ἐς
1971 827 2096 882 Ῥω-

265 916 469 981 μαίους,
501 914 646 968 αὐτοὶ
667 915 761 982 μὲν
785 913 947 987 κύριοι
970 916 1211 987 γε’νωνται
1230 913 1511 987 χρημάτων
1534 911 1782 984 μεγάλων,
1817 912 2096 982 Ῥωμαίους

204 1011 242 1055 C
274 1001 328 1052 δὲ
367 997 616 1067 ποιήσωσι
650 1005 804 1053 τοῦτο
827 1003 1101 1073 κερδαίνειν
1121 1000 1310 1070 μόνον,
1360 999 1437 1055 ὅτι
1463 1000 1527 1068 δὴ
1565 999 1729 1053 οὐκέτι
1763 997 2097 1069 ἀναγκασθῇ·

264 1106 443 1138 σονται
479 1085 544 1138 τὰ
586 1085 806 1156 σφέτερα
839 1087 1007 1141 αὐτῶν
1045 1085 1292 1158 χρήματα
1326 1088 1376 1150 ἐς
1411 1085 1534 1147 τοὺς
1563 1086 1833 1154 πολεμίους
1867 1106 2094 1154 μετενεγ-
2113 1099 2166 1143 10

265 1179 366 1224 κεῖν
398 1205 462 1212 -
495 1169 627 1240 αὕτη
655 1171 715 1224 δέ
730 1173 864 1226 ἔστιν
886 1170 918 1241 ἦ
942 1172 1156 1241 με’ταξα,
1203 1175 1256 1236 ἐξ
1275 1165 1336 1241 ἧς
1361 1168 1577 1225 εἲώθασι
1605 1171 1697 1239 τὴν
1722 1172 1922 1239 ἐσθῆτα
1946 1167 2096 1240 ἐργά-

266 1259 446 1322 ζεσθαι
459 1297 475 1322 ,
523 1254 586 1323 ’ἣν
613 1254 773 1309 πάλαι
798 1256 1142 1327 μέν”Ελληνες
1168 1257 1415 1327 ΖΨΙηδικὴν
1436 1254 1648 1309 ἐκάλουν
1659 1297 1676 1322 ,
1722 1261 1881 1310 τανῦν
1920 1257 1975 1308 δὲ
2002 1277 2097 1324 ση-

266 1342 411 1412 ρικὴν
454 1338 815 1410 ὀνομάζουσιν·
861 1366 927 1384 -’-
956 1341 1227 1413 Ὁμηρΐται
1260 1343 1316 1396 δὲ
1351 1341 1488 1404 ὅπως
1521 1341 1722 1395 Καϊσόν
1762 1341 1853 1395 τὸν
1888 1338 2096 1411 φυγάδα
2150 1408 2162 1413 x

264 1424 531 1498 φύλαρχον
570 1429 919 1497 Μααδδηνοῖς
953 1421 1374 1496 καταστήσωνται
1409 1428 1493 1481 καὶ
1522 1431 1727 1498 στρατῷ
1764 1423 1966 1498 μεγάλῳ
2000 1425 2097 1478 αὗ·-

262 1517 365 1565 τῶν
391 1533 444 1565 τε
466 1509 758 1581 Ὁμηριτῶν
786 1515 870 1565 καὶ
893 1517 1212 1582 Σαρακηνῶν
1244 1517 1350 1566 τῶν
1373 1513 1715 1580 Μααδδηνῶν
1737 1508 2021 1579 ἐσβάλωσιν
2047 1513 2097 1572 ἐς
2113 1524 2167 1568 15

260 1597 355 1664 τὴν
382 1601 603 1667 Περσῶν
627 1602 736 1668 γῆν.
798 1595 849 1671 (ὃ
885 1599 940 1652 δὲ
962 1598 1162 1660 Καΐσός
1198 1590 1350 1660 οὗτος
1371 1596 1545 1667 γένους
1570 1598 1663 1665 μὲν
1688 1591 1751 1664 ἦν
1777 1602 1868 1650 τοῦ
1896 1602 2096 1667 φυλαρ-

256 1687 405 1750 χικοῦ
449 1684 534 1735 καὶ
577 1679 922 1754 διαφερόντως
963 1683 1165 1754 ἀγαθὸς
1200 1682 1268 1737 τὰ
1294 1682 1509 1751 πολέμια
1524 1723 1541 1748 ,
1591 1687 1695 1736 τῶν
1717 1683 1777 1735 δέ
1793 1703 1904 1736 τινα
1924 1682 2098 1749 Ἐσιμ-

260 1769 418 1838 φαιόυ
450 1771 694 1838 ξυγγενῶν
718 1770 914 1831 κτείνας
953 1772 1023 1831 εἷς
1049 1775 1142 1839 γῆν
1169 1767 1401 1840 ἔφευγεν,
1451 1767 1485 1836 ἢ
1518 1767 1583 1836 δὴ
1607 1767 1795 1838 ἕρημος
1824 1765 2098 1821 παντάπα-

192 1861 232 1903 D
264 1873 344 1905 σιν
370 1851 667 1924 ἀνθρώπων
689 1854 867 1926 ἐστίν.)
914 1852 1152 1926 ἑκάτερος
1175 1855 1268 1922 μὲν
1297 1848 1386 1908 οὖν
1411 1853 1506 1922 τὴν
1532 1853 1730 1922 αἴτησιν
1752 1850 2100 1921 ὑποσχόμενος
2175 1871 2182 1879 “

260 1939 461 2007 ἐπιτελῆ
487 1935 713 2007 ποιήσειν
738 1939 828 1993 τὸν
870 1940 1184 2011 πρεσβευτὴν
1211 1938 1580 2008 ἀπεπέμψατο,
1627 1938 1807 2010 ἔδρασε
1832 1940 1888 1991 δὲ
1921 1938 2095 1990 αὐτοῖν
2110 1947 2169 1992 90

262 2023 328 2077 τὰ
369 2021 735 2094 ὡμολογημένα
774 2025 1052 2097 οὐδέτερος.
1141 2033 1252 2088 τοῖς
1279 2045 1334 2078 τε
1362 2023 1460 2096 γὰρ
1487 2025 1724 2092 Αἰθίοψι
1747 2024 1839 2094 τὴν
1872 2012 2100 2092 με’ταξαιῖ

372 2161 414 2203 1.
442 2156 751 2215 ἐκρατύνατο]
781 2158 1052 2215 ἐκρατύνετο
1082 2161 1134 2206 L.
1309 2161 1352 2205 7.
1384 2156 1667 2215 ἀποδόμενοι
1694 2159 1855 2203 Suidas
1883 2174 1918 2202 s·
1942 2175 1987 2203 v.
2018 2173 2098 2216 ση-

374 2215 495 2273 ρική.
556 2218 696 2274 Vulgo
739 2215 1086 2275 ἀποδιδόμενοι.
1259 2219 1302 2262 8.
1341 2216 1589 2275 χρημάτων
1615 2215 1849 2274 μεγάλων]
1890 2215 2097 2274 μεγάλων
2162 2269 2172 2279 .

370 2272 618 2331 χρημάτων
647 2276 818 2319 suidas.
945 2281 1014 2322 11.
1046 2275 1274 2330 εἰώθασι]
1301 2276 1529 2322 εἰώθεσαν
1558 2276 1728 2319 Suides.
1855 2278 1923 2320 12.
1953 2277 2099 2319 τανῦν

375 2331 455 2388 δὲ]
489 2330 547 2376 τὰ
569 2330 619 2378 δὲ
642 2335 728 2378 νῦν
757 2333 926 2377 Suidas.
1061 2336 1127 2379 13.
1158 2331 1337 2379 Καϊσὸν
1364 2359 1422 2367 -
1451 2332 1657 2389 Καϊσός]
1691 2335 1870 2376 Carnum
1897 2358 1954 2364 —
1990 2336 2097 2376 Car-

371 2404 444 2433 sus
471 2391 568 2434 RV.
687 2393 756 2437 18.
788 2393 853 2443 εἰς
879 2392 966 2448 γῆν
994 2389 1186 2449 ἔφευγεν
1212 2395 1267 2436 Α.
1328 2389 1522 2450 ἔφευγεν
1550 2393 1617 2442 εἰς
1644 2391 1730 2449 γῆν
1760 2391 1831 2434 P..

261 2505 470 2548 Abramus
506 2505 597 2548 eius
626 2505 888 2560 successori,
925 2506 1074 2564 itaque
1115 2506 1300 2550 asseruit
1326 2506 1411 2550 sibi
1439 2519 1628 2563 regnum.
1686 2505 1778 2549 Sed
1806 2506 1914 2549 haec
1946 2519 2098 2549 recen·
2144 2547 2153 2555 ,

259 2563 373 2606 tiora
400 2567 511 2613 sunt.

377 2620 475 2669 Quo
506 2623 645 2663 autem
673 2623 864 2676 tempore
893 2621 1222 2664 Hellestheaeus
1259 2621 1473 2676 regnabat
1500 2619 1544 2662 in
1573 2618 1827 2676 Aethiopia,
1867 2618 2096 2675 parebant-

260 2690 346 2732 que
375 2677 623 2720 Homeritae
652 2678 942 2733 Esimiphaeo,
973 2679 1176 2721 Iulianum
1206 2678 1260 2721 ad
1291 2692 1364 2720 eos
1393 2677 1558 2734 legavit
1586 2677 1848 2720 Iustinianus
1875 2678 1988 2730 Aug.
2020 2690 2096 2733 per
2157 2722 2165 2729 ,

258 2734 398 2789 ipsum
429 2735 483 2776 ab
512 2742 695 2790 utroque
724 2743 902 2791 petens,
931 2742 980 2778 ut
1009 2750 1086 2792 pro
1116 2735 1337 2791 religionis
1367 2734 1684 2787 communione,
1714 2749 1797 2791 qua
1827 2748 1918 2777 cum
1940 2734 2096 2776 Roma·
2154 2759 2163 2770 ι

257 2790 324 2832 nis
356 2791 546 2834 devincti
574 2797 740 2842 essent,
771 2791 866 2834 illos
895 2806 988 2835 cum
1017 2793 1162 2836 Persis
1192 2799 1394 2849 gerentes
1422 2793 1576 2835 bellum
1605 2791 1829 2834 iuvarent:
1860 2797 1990 2847 atque
2011 2793 2098 2834 Ae-

256 2848 430 2903 thiopes
470 2848 640 2903 quidem
673 2848 885 2901 sericum,
927 2862 981 2891 ex
1022 2864 1108 2905 quo
1146 2850 1280 2893 vestis
1319 2848 1576 2900 conficitur,
1618 2863 1728 2905 quae
1771 2848 1870 2891 olim
1914 2848 2029 2890 dicta
2071 2863 2097 2891 a

257 2904 441 2947 Graecis
480 2905 679 2954 Medica,
717 2920 826 2948 nunc
869 2905 1008 2949 serica
1037 2909 1306 2963 appellatur,
1345 2907 1526 2950 sericum
1554 2906 1724 2963 inquam
1753 2907 1808 2949 ab
1838 2905 1954 2948 Indis
1983 2919 2097 2948 eme-

256 2967 368 3013 rent,
399 2976 451 3004 ac
480 2969 632 3021 postea
659 2963 863 3005 Romanis
893 2977 1045 3006 venum
1075 2966 1121 3007 id
1150 2965 1319 3016 darent,
1349 2978 1431 3020 quo
1461 2969 1506 3006 et
1535 2963 1618 3007 sibi
1647 2967 1852 3020 pararent
1881 2963 2097 3018 ingentem
2149 3005 2160 3010 ,

256 3019 505 3076 pecuniam,
548 3027 593 3062 et
626 3019 787 3062 lucrum
824 3021 904 3063 hoc
943 3034 1071 3063 uuum
1112 3022 1320 3066 afferrent
1347 3021 1566 3064 Romanae
1595 3022 1741 3076 genti,
1783 3035 1837 3067 ne
1865 3020 1919 3062 ad
1950 3021 2095 3062 hostes
2151 3067 2163 3076 ⁴

256 3082 487 3132 cogeretur
525 3091 673 3119 aurum
702 3091 822 3119 suum
851 3077 1112 3120 transferre:
1149 3078 1532 3122 Homeritae-vero
1561 3077 1732 3119 Caisum
1772 3077 1918 3133 patria
1946 3078 2096 3133 prosu-
2154 3091 2174 3126 ,·

257 3147 357 3188 gum
390 3132 643 3177 Maaddenis
673 3134 956 3191 Phylarchum
985 3143 1316 3191 praeponerent,
1344 3139 1391 3179 et
1418 3149 1511 3178 cum
1540 3134 1683 3177 valido
1713 3133 1903 3176 exercitu
1932 3148 1984 3175 ex
2014 3133 2098 3176 Sa-

258 3191 428 3233 racenis
469 3191 553 3233 illis
595 3204 757 3247 suaque
794 3198 925 3247 gente
961 3192 1147 3234 conflato
1186 3193 1231 3234 in
1270 3191 1490 3236 Persidem
1525 3192 1823 3247 irrumperent.
1879 3191 1960 3233 Vir
1999 3195 2096 3233 erat
2167 3231 2170 3235 .

259 3247 415 3291 Caisus
443 3248 727 3305 Phylarchico
757 3249 967 3303 sanguine
999 3254 1259 3305 prognatus,
1299 3255 1344 3292 et
1382 3249 1536 3292 bellica
1564 3247 1727 3291 virtute
1756 3252 2006 3305 praestans:
2047 3253 2095 3290 at

259 3305 454 3363 quoniam
495 3305 778 3362 propinquum
822 3305 1041 3348 occiderat
1083 3306 1370 3361 Esimiphaei,
1421 3305 1552 3349 vitam
1604 3306 1734 3361 fugae
1791 3304 2092 3361 solitudinique
2144 3314 2168 3346 .⁴

259 3362 495 3405 mandarat.
554 3362 752 3419 Uterque
790 3377 894 3405 sane
924 3362 1016 3406 Rex
1046 3364 1271 3418 postulatis
1301 3362 1475 3414 annuit,
1515 3377 1655 3420 eaque
1682 3376 1731 3406 se
1759 3362 1968 3406 facturum
1999 3362 2094 3418 pol·
2171 3401 2173 3405 .

262 3419 404 3462 licitus
432 3420 621 3474 legatum
649 3419 813 3462 remisit
841 3420 1095 3467 liberaliter:
1128 3428 1268 3463 tamen
1297 3419 1504 3477 promissa
1532 3423 1578 3462 et
1606 3426 1816 3463 conventa
1838 3426 1992 3463 neuter
2015 3420 2092 3461 im-

263 3476 416 3534 plevit.
474 3476 569 3521 Nec
610 3491 712 3521 vero
754 3477 849 3520 fleri
888 3482 1085 3535 poterat,
1130 3485 1178 3520 ut
1215 3477 1269 3521 ab
1313 3477 1429 3521 Indis
1459 3477 1693 3535 Aethiopes
1721 3477 1900 3521 sericum
1930 3491 2092 3521 merca·
2146 3527 2149 3530 ,
