2184 3822
598 208 694 263 DE
734 209 964 264 BELLO
988 208 1298 269 ‚PERSICO
1338 208 1406 265 Π.
1450 208 1507 264 5.
1838 205 1956 265 173

140 347 332 421 ἔδαφος
368 355 594 421 καθῆκεν
630 347 789 403 αὖτόν
826 352 908 403 καὶ
951 350 1324 422 δεδακρυμένος
1362 349 1543 405 ἱκέτευε
1572 348 1841 422 φείδεσθαι
1868 348 1958 403 ἀν-

47 474 53 481 -
138 434 370 505 θρῶπων
389 439 604 505 οἰκτρῶν
626 437 709 487 καὶ
735 433 928 497 πόλεως
943 434 1207 503 Ῥωμαίοις
1228 438 1321 506 μὲν
1348 433 1685 505 ἀτιμοτάτης,
1728 435 1960 507 Πέρσαις

142 523 200 574 δὲ
221 523 274 573 ἐν
297 521 462 574 οὐδενὶ
492 517 623 592 λόγῳ
650 518 764 572 οὔτε
785 521 849 573 τὰ
872 518 1093 591 πρότερα
1120 522 1442 592 γεγενημένης
1464 521 1579 575 οὔτε
1600 517 1812 592 ὕστερόν
1838 542 1959 574 ποτε

140 606 410 673 ἐσομένης·
453 603 615 670 λύτρα
649 605 708 658 τέ
735 605 783 658 οἱ
818 607 940 668 τοὺς
972 608 1268 677 Σουρηνοὺς
1301 605 1480 661 δώσειν
1514 613 1660 678 σφῶν
1697 627 1751 660 τε
1785 605 1953 660 αὐτῶν
1984 608 2022 652 C

97 693 223 747 ὁκαὶ
248 689 443 752 πόλεως
462 682 621 760 ἧσπερ
645 693 868 744 οἰκοῦσιν
891 693 1106 754 ἐπαξίως
1129 690 1391 760 ῖπέσχετο.
1459 690 1705 761 Χοσρόης
1734 693 1789 745 δὲ
1815 698 1948 746 Σου-
1983 696 2027 739 Η
2055 695 2114 740 53

138 783 310 844 ρηνοῖς
333 776 427 841 μέν
458 781 693 842 χαλεπῶς
725 774 877 844 εἶχεν,
925 775 1003 830 ὅτι
1037 777 1102 846 δὴ
1141 778 1280 850 αὐτῷ
1307 783 1499 843 πρῶτοι
1529 775 1954 848 περιπεπτωκότες
1982 782 2021 824 V
2049 782 2136 845 239

130 858 392 927 Ῥωμαίων
428 858 667 914 ἁπάντων
691 861 807 915 οὔτε
835 867 898 932 τῇ
925 859 1063 914 πόλει
1097 862 1330 925 ἐδέξαντο
1354 861 1638 917 ἐθελούσιοι
1655 903 1671 928 ,
1718 863 1849 916 ἀλλὰ
1875 867 1959 917 καὶ

52 992 54 994 ,
136 945 390 1015 ἀνταίρειν
415 946 462 998 οἱ
486 945 621 999 ὅπλα
648 944 996 1014 τολμήσαντες
1018 945 1177 999 πολύν
1202 969 1316 999 τινα
1345 949 1566 1015 δοκίμων
1588 952 1810 1018 Περσῶν
1845 946 1959 1016 ὅμι-

135 1036 227 1084 λον
260 1030 494 1084 ἕκτειναν.
581 1031 675 1100 τὴν
717 1032 890 1099 μέντοι
936 1031 1087 1103 ὀργὴν
1117 1031 1210 1085 οὐκ
1245 1029 1497 1100 ἐξήνεγκεν
1520 1073 1537 1097 ,
1592 1032 1710 1085 ἀλλ’
1752 1031 1850 1087 ὖπό
1885 1040 1959 1106 τῷ

68 1133 124 1177 10
137 1113 393 1189 προσώπῳ
428 1116 652 1186 ἀκριβῶς
689 1116 937 1187 ἔκρυψεν,
997 1115 1137 1179 ὅπως
1179 1116 1274 1186 τὴν
1323 1114 1529 1170 κόλασιν
1578 1118 1629 1178 ἐς
1664 1119 1959 1188 Σουρηνοῦς

133 1198 472 1270 ποιησάμενος
502 1200 724 1273 φοβερόν
755 1224 809 1255 τε
843 1201 1108 1268 Ῥωμαιόις
1132 1200 1289 1256 αὖτόν
1323 1205 1407 1255 καὶ
1443 1199 1642 1271 ἄμαχόν
1662 1225 1776 1255 τινα
1796 1226 1959 1257 κατα-

65 1316 73 1321 ·
130 1284 399 1355 στήσηται.
487 1286 624 1341 οὕτω
666 1286 763 1358 γάρ
805 1289 854 1341 οἱ
878 1286 1261 1359 προσχωρήσειν
1304 1288 1470 1342 οὐδενὶ
1510 1286 1650 1361 πόνῳ
1681 1285 1959 1355 ὖπετόπαζε

132 1372 254 1434 τούς
287 1373 342 1426 ἐν
373 1374 522 1426 ποσὶν
549 1372 623 1427 ἀεὶ
649 1374 1027 1444 γενησομένους.
1100 1374 1179 1428 διὸ
1204 1374 1268 1443 δὴ
1294 1374 1384 1436 ξὺν
1411 1371 1766 1445 φιλοφροσύνῃ
1793 1381 1959 1447 πολλῇ

130 1458 222 1511 τὸν
259 1459 531 1511 ἐπίσκοπον
565 1459 861 1528 ἐξανέστησε
886 1501 902 1524 ,
962 1461 1045 1513 καὶ
1080 1460 1145 1513 τὰ
1185 1462 1329 1528 δῶρα
1381 1457 1650 1527 δεξάμενος
1695 1459 1959 1531 παρείχετό

63 1558 117 1604 15
131 1564 244 1596 τινα
265 1541 473 1612 δόκησιν
495 1541 565 1606 ὥς
586 1545 718 1616 ἀμφὶ
742 1554 851 1607 τοῖς
874 1551 1150 1615 Σουρηνῶν
1170 1543 1371 1615 λύτροις
1394 1545 1576 1599 αὐτίκα
1597 1544 1956 1616 κοινολογησό-
1982 1557 2024 1600 D

128 1650 281 1696 μενος
303 1633 526 1698 Περσῶν
551 1640 659 1692 τοῖς
683 1633 908 1700 λογίμοις
930 1625 984 1684 εὖ
1008 1630 1102 1699 τὴν
1128 1631 1296 1699 δέησιν
1327 1628 1648 1700 διαθήσεται.
1739 1630 1875 1686 οὕτω
1905 1655 1961 1687 τε

129 1714 219 1776 §dv
258 1722 365 1776 τοΐς
396 1712 657 1781 ἑπομένοις
696 1717 786 1769 τὸν
834 1718 1107 1769 ἐπίσκοπον
1148 1716 1484 1784 ἀπεπέμψατο
1509 1758 1526 1782 ,
1590 1717 1832 1784 οὐδεμίαν
1867 1724 1962 1787 τῆς

128 1799 400 1868 ἐπιβουλῆς
424 1799 671 1869 αἷσθησιν
696 1800 894 1869 ἔχοντα,
942 1804 1033 1853 καί
1052 1802 1101 1854 οἱ
1123 1807 1224 1855 τῶν
1250 1803 1303 1854 ἐν
1325 1803 1555 1871 Πέρσαις
1577 1804 1799 1867 δοκίμων
1819 1804 1961 1866 τινὰς

126 1883 503 1954 παραπομποῦς
547 1886 817 1952 ἐσομένους
866 1889 1028 1952 δῆθεν
1065 1891 1138 1958 τῷ
1182 1883 1314 1958 λόγῳ
1353 1887 1681 1955 ξυνέπεμψεν.
1772 1887 1861 1951 οὓς
1893 1890 1959 1958 δὴ

0 1991 2 2024 ι
57 1966 308 2040 Ξολᾶθρα
345 1970 533 2026 ἐκέλευε
569 1971 662 2038 μὲν
706 1971 831 2023 ἴέναι
869 1970 960 2034 ξύν
985 1971 1127 2043 αὐτῷ
1165 1970 1282 2040 ἄχρι
1312 1972 1363 2033 ἐς
1401 1972 1458 2025 τὸ
1489 1981 1679 2041 τεῖχος,
1725 1995 1958 2045 παρηγο-

128 2061 341 2128 ροῦντας
370 2057 460 2109 καί
484 2075 615 2110 τισιν
654 2055 880 2127 ἀγαθαῖς
906 2057 1210 2128 ἐπαίροντας
1246 2057 1470 2125 ἐλπίσιν,
1532 2057 1662 2113 ὥστε
1692 2059 1851 2115 αὐτὸν
1873 2063 1958 2115 καὶ

0 2283 1 2288 ,
241 2250 285 2294 1.
313 2242 491 2304 adedo]
521 2244 670 2293 αὖτόν
698 2249 750 2292 L.
838 2250 882 2294 4.
912 2247 1091 2304 λύτρα]
1121 2248 1264 2304 λῦτροι
1293 2248 1344 2291 L.
1432 2249 1475 2293 7.
1506 2244 1640 2305 οὔτε]
1671 2249 1794 2295 Fert.
1826 2249 1952 2297 οὐδὲ.

0 2312 3 2362 Γ
241 2308 313 2352 11.
351 2301 498 2350 αὖτὸν
527 2307 584 2350 Η.
614 2304 762 2351 αὐτὸν
787 2306 837 2350 Ρ.
962 2307 1066 2353 ibid.
1105 2305 1476 2364 καταστήσηται]
1525 2306 1858 2365 καταστήσεται
1899 2310 1950 2353 L.

0 2386 3 2411 ι
240 2365 311 2409 15.
338 2361 731 2420 τοῖς-λύτροις]
759 2362 1043 2419 ’τὰ-λύτρα
1073 2366 1162 2409 Lm.
1249 2366 1352 2409 ibid.
1393 2363 1833 2424 κοινολογησάμενος
1857 2368 1953 2413 HL.

238 2421 679 2479 κοινολογησάμενος
708 2423 759 2469 Ρ.
888 2426 959 2469 16.
986 2437 1035 2468 τε
1063 2423 1116 2466 L.
1175 2419 1227 2468 δὲ
1255 2423 1309 2467 Ρ.

123 2593 388 2637 homunculis
426 2599 472 2637 et
510 2593 606 2637 urbi
648 2593 847 2638 Romanis
877 2593 1269 2653 despicatissimae,
1309 2609 1449 2653 neque
1477 2610 1505 2639 a
1534 2595 1680 2639 Persis
1708 2596 1795 2640 ullo
1825 2599 1952 2641 antea

122 2665 298 2696 numero
334 2651 532 2704 habitse,
572 2666 713 2709 neque
742 2667 933 2709 umquam
963 2654 1181 2698 habendae
1217 2661 1392 2712 postem
1432 2654 1662 2711 spopondit
1701 2655 1829 2699 etiam
1866 2655 1954 2698 Su-

122 2722 251 2752 renos
278 2708 585 2767 redemptionis
622 2710 801 2766 pretium
833 2725 909 2767 pro
939 2712 1064 2755 modo
1102 2726 1178 2755 suo
1206 2725 1394 2767 suaeque
1423 2712 1541 2754 urbis
1580 2711 1821 2756 conditione
1852 2727 1955 2770 per-

123 2766 350 2810 soluturos.
410 2770 469 2810 At
497 2768 713 2811 Chosroes
744 2768 925 2811 Surenis
953 2769 1148 2825 graviter
1176 2768 1369 2812 offensus
1398 2777 1508 2821 erat,
1538 2769 1678 2826 quod,
1709 2785 1799 2814 cum
1828 2770 1954 2827 primi

123 2821 404 2867 Romanorum
432 2831 601 2877 essent,
629 2826 672 2868 in
702 2839 810 2881 quos
839 2826 1086 2878 incidisset,
1116 2825 1224 2870 odeo
1255 2839 1336 2870 non
1365 2826 1633 2883 accepissent
1663 2828 1776 2870 ultro
1805 2827 1849 2871 in
1880 2842 1955 2871 ur-

123 2878 247 2934 hem,
277 2887 326 2924 ut
351 2894 467 2925 arma
494 2881 587 2925 ausi
619 2891 770 2926 contra
798 2883 975 2934 tollere,
1005 2883 1336 2941 quamplurimos
1367 2884 1589 2927 Persarum
1618 2884 1820 2928 nobilium
1851 2898 1953 2942 per-

123 2936 340 2981 emissent.
395 2938 504 2982 Iram
534 2945 673 2983 tumen
705 2954 785 2983 uon
817 2953 920 2996 prae
949 2954 997 2983 se
1026 2939 1149 2992 tulin
1178 2941 1254 2985 sed
1285 2940 1513 2996 diligenter
1542 2941 1652 2984 texit
1681 2941 1767 2985 oris
1798 2942 1953 2986 hianda

0 2991 4 3022 ³
121 2994 293 3052 specie,
322 3000 372 3039 ut
402 3002 531 3053 eupts
558 2996 602 3040 in
632 2997 724 3040 loeo
755 2999 809 3040 de
838 2997 1017 3040 Surenis
1046 3011 1209 3055 poena,
1238 2997 1547 3042 formidabilem
1577 3013 1625 3041 se
1654 2999 1857 3043 Romanis
1885 3005 1955 3043 at-

0 3077 1 3082 =
125 3064 209 3150 ³³00
234 3051 436 3096 invictum
464 3054 711 3107 exhiberet,
751 3054 796 3097 id
836 3068 884 3097 se
914 3063 1236 3099 consecuturum
1280 3063 1429 3107 ratus,
1470 3062 1517 3099 ut
1545 3056 1661 3099 obvii
1691 3057 1847 3114 quique
1875 3057 1954 3100 de-

172 3107 328 3154 Uonem
389 3109 494 3154 rimo
533 3110 652 3154 aditu
693 3112 902 3155 facerent.
963 3112 1110 3163 Quare
1149 3112 1409 3170 Episcopum
1450 3113 1589 3157 erexit
1620 3114 1954 3170 perhumaniter,

125 3170 175 3208 et
414 3168 653 3212 muneribus
694 3169 802 3211 hanc
832 3169 893 3212 ini
921 3170 1160 3226 opinionem
1201 3170 1375 3220 iniecit,
1409 3179 1544 3214 ratam
1575 3172 1672 3214 sore
1704 3171 1952 3229 petitionem

126 3220 270 3266 suth
296 3231 349 3268 ut
383 3238 615 3269 sermonem
657 3240 749 3269 cum
781 3226 927 3270 Persis
967 3226 1181 3284 primariis
1210 3227 1265 3270 de
1294 3227 1595 3284 redemptionis
1627 3227 1767 3286 pretio
1799 3235 1954 3271 contu-

126 3276 263 3322 lisset.
318 3279 469 3339 ltaque
500 3282 758 3340 Episcopum
789 3291 986 3327 structae
1014 3285 1179 3328 fraudis
1208 3284 1403 3340 ignarum
1433 3299 1524 3328 cum
1566 3285 1742 3329 asseclis
1771 3285 1952 3336 remisit,

125 3334 340 3379 adiunctis
379 3337 530 3390 etiam,
571 3340 613 3383 in
656 3341 839 3398 speciem
878 3341 1067 3394 scilicet,
1105 3341 1411 3385 deductoribus
1454 3357 1479 3384 e
1521 3342 1697 3386 Persica
1725 3342 1951 3386 nobilitate

125 3392 364 3445 nonnuvis,
402 3394 556 3451 quibus
595 3397 702 3441 clam
746 3398 1031 3455 imperaverat
1058 3405 1109 3442 ut
1147 3413 1240 3442 eum
1272 3406 1515 3443 recreantes
1545 3399 1727 3456 alloquio
1757 3414 1808 3443 ac
1839 3399 1951 3442 bona

125 3462 204 3506 spe
233 3449 460 3494 efferentes
498 3452 552 3494 ad
593 3454 757 3498 moenia
795 3469 931 3513 usque
960 3457 1288 3500 comitarentun
1328 3470 1413 3513 quo
1445 3458 1596 3509 tieret,
1627 3463 1675 3499 ut
1705 3455 1776 3511 qui
1807 3461 1950 3498 essent

123 3506 169 3550 in
199 3506 305 3551 urbe
332 3519 425 3552 cum
463 3506 601 3566 ipsum
639 3517 729 3556 tum
769 3512 862 3556 eius
890 3527 1033 3558 omnes
1061 3519 1348 3559 assectatores
1385 3512 1522 3558 laetos
1564 3526 1807 3570 vacuosque
1834 3518 1946 3556 metu
