2254 3814
327 189 449 248 340
1070 184 1403 239 PROCOPII

327 338 500 388 λοῦσιν
525 333 573 384 οἳ
599 323 867 394 Βυζάντιοι
902 325 991 379 τὸν
1024 326 1176 392 νεὼν,
1219 322 1412 394 ταύτην
1447 323 1512 391 δὴ
1541 317 1765 391 μάλιστα
1789 325 1862 393 τῷ
1891 325 2000 392 θεῷ
2025 319 2146 391 πρέ-

325 442 433 473 πειν
470 418 562 484 τὴν
594 414 882 480 ἐπωνυμίαν
911 409 1214 481 ἡγούμενοι)
1228 451 1247 477 ,
1276 408 1669 479 ἐξαιτησαμένης
1705 407 1762 459 δὲ
1790 407 2017 475 Βηρίνης
2056 411 2147 472 τῆς

325 504 589 573 βασιλίδος
631 498 720 551 τὸν
758 499 851 566 μὲν
886 498 1118 550 κίνδυνον
1151 502 1333 550 τοῦτον
1382 495 1640 567 διέφυγεν,
1697 493 1750 554 ἐς
1793 492 2054 558 βασιλείαν
2092 490 2148 541 δέ

328 586 440 642 τότε
464 589 766 654 παρελθεῖν,
803 575 866 650 ἧς
892 581 955 648 δὴ
983 582 1124 636 ἕνεκα
1160 578 1330 634 πάντα
1367 579 1508 652 αὐτῷ
1539 579 1770 647 εἶ’ργαστο
1785 617 1802 641 ,
1850 575 1943 643 οὐχ
1972 571 2077 636 οἷός
2096 595 2150 626 τε

330 668 406 740 ἦν.
492 669 650 725 Λέων
672 668 768 737 γὰρ
797 666 1037 734 βασιλεὺς
1063 666 1122 720 οὗ
1156 671 1328 739 πολλῷ
1353 664 1564 735 ἱῗστερον
1577 658 1813 732 Ἄσπαρά
1848 682 1900 714 τε
1925 661 2008 712 καὶ
2030 659 2192 727 ’Δρ-5

329 749 610 825 δαβοῦριον
636 754 688 807 ἐν
711 753 943 824 παλατίῳ
968 751 1281 822 διέφθειρεν,
1328 751 1438 803 ἐπεί
1471 750 1520 802 οἳ
1556 745 1790 802 θάνατον
1814 741 2152 813 ἐπιβουλεύειν

330 840 520 902 αὐτοὺς
544 835 847 906 ὗπετόπησε.
932 842 1098 890 ταῦτα
1124 838 1218 904 μὲν
1249 829 1339 889 οὖν
1368 834 1556 905 ἐγένετο
1583 835 1720 904 τῇδε.

261 939 302 982 D
503 922 559 991 ζ’.
640 922 909 990 Ἀνθέμιος
932 923 987 975 δέ
1012 920 1039 975 ὃ
1060 927 1160 975 τῶν
1188 925 1397 989 δυσμῶν
1429 916 1763 988 αὐτοκράτωρ
1788 914 1915 986 πρὸς
1942 918 2034 967 τοῦ
2061 935 2155 982 κη-

148 1027 190 1067 V
218 1025 304 1070 356
333 1015 515 1066 δεστοῢ
545 1008 824 1078 Ῥεκίμερος
850 1009 1157 1078 διαφθαρεὶς
1198 1003 1457 1072 ἐτελεύτα,
1495 1001 1765 1074 Ὀλύβριός
1801 1023 1855 1054 τε
1881 999 1974 1069 τὴν
2001 1005 2156 1066 βασι-

149 1099 187 1141 Ρ
220 1096 302 1142 194
329 1099 466 1151 λείαν
500 1091 821 1162 ἐκδεξάμενος
858 1093 1008 1166 ὀλίγῳ
1047 1090 1263 1162 ὕστερον
1287 1088 1455 1162 χρόνῳ
1480 1089 1572 1158 τὴν
1614 1086 1795 1157 ὁμοίαν
1825 1084 2152 1155 πεπρωμένην
2171 1090 2225 1131 10

330 1182 595 1250 ἀνέπλησε.
681 1176 1077 1247 τελευτήσαντος
1120 1178 1176 1229 δὲ
1204 1178 1288 1229 καὶ
1309 1176 1543 1236 Λέοντος
1570 1175 1622 1225 ἐν
1653 1172 1948 1243 Βυζαντίῳ,
1996 1168 2155 1239 παρέ-

331 1273 457 1336 λαβε
482 1265 576 1334 τὴν
600 1263 862 1332 βασιλείαν
893 1262 1052 1316 Λέων
1077 1259 1103 1314 ὃ
1129 1257 1370 1329 Ζήνωνός
1396 1281 1450 1312 τε
1479 1261 1562 1312 καὶ
1579 1255 1846 1325 Ἀριάδνης
1868 1261 1960 1323 τῆς
1981 1253 2157 1307 Λέον-

329 1373 418 1414 τος
442 1348 733 1419 θυγατρὸς,
784 1348 835 1409 ἐς
856 1344 1059 1417 ἡμερῶν
1079 1344 1152 1399 ἔτι
1176 1346 1356 1415 ὀλίγων
1384 1366 1484 1398 που
1510 1341 1706 1411 ἡλικίαν
1731 1339 1884 1410 ἥκων.
1926 1338 2159 1409 αἱρεθέν-

329 1457 419 1498 τος
455 1436 511 1488 δέ
550 1432 900 1502 ξυμβασιλέως
932 1431 1072 1505 αὐτῷ
1108 1436 1199 1484 τοῦ
1232 1429 1453 1500 πατρὸς,
1513 1428 1695 1482 αὐτίκα
1724 1426 1787 1494 δὴ
1818 1423 1961 1493 μάλα
1986 1422 2012 1478 ὃ
2039 1432 2159 1485 παῖς

329 1523 383 1585 ἐξ
405 1516 698 1591 ἀνθρώπων
718 1514 990 1589 ἠφάνιστο.
1080 1516 1220 1579 ἄξιον
1251 1517 1307 1569 δὲ
1333 1518 1415 1568 καὶ
1443 1515 1736 1581 Μαῖορίνου
1762 1513 2153 1579 ἐπιμνησθῆναι,
2174 1515 2228 1559 15

332 1606 389 1669 ὃς
415 1605 478 1674 δὴ
504 1601 750 1674 πρότερον
784 1601 895 1671 ἴσχε
923 1602 983 1656 τὸ
1012 1601 1239 1672 ἓσπέριον
1278 1598 1484 1671 κράτος.
1570 1591 1722 1661 οὗτος
1746 1596 1844 1667 γὰρ
1873 1593 1900 1649 ὅ
1932 1599 2161 1663 Μαϊορῒ-

330 1712 445 1757 νος,
491 1687 790 1757 ξύμπαντας
828 1686 951 1749 τούς
989 1685 1192 1741 πώποτε
1208 1684 1471 1754 Ῥωμαίων
1503 1680 1930 1753 βεβασιλευκότας
1952 1678 2162 1749 ὖπεραί-

335 1798 439 1846 ρων
471 1774 626 1846 ἀρετ-ᾗ
657 1771 831 1844 πάσῃ,
861 1773 922 1826 τὸ
954 1769 1168 1840 Λιβύης
1196 1769 1370 1834 πάθος
1403 1770 1495 1824 οὐκ
1542 1769 1714 1839 ἤνεγκε
1753 1764 1958 1840 πρᾴως,
2026 1764 2157 1818 ἀλλά

332 1859 578 1933 στρατιὰν
601 1859 678 1911 ἐπὶ
700 1859 987 1919 Βανδίλους
1014 1853 1419 1927 ἀξιολογωτάτην
1447 1854 1652 1925 ἀγείρας
1676 1855 1729 1907 ἐν
1748 1849 2031 1922 Λιγούροις
2054 1849 2162 1920 ἐγέ-

266 1958 306 2000 Β
335 1967 475 2011 νετο,
512 1943 667 2005 αὐτὸς
703 1947 777 2016 τῷ
815 1948 1020 2015 στρατῷ
1052 1944 1132 1995 ἐπὶ
1156 1941 1277 2004 τοὺς
1311 1942 1582 2009 πολεμίους
1609 1940 1898 2009 ἐξηγεῖσθαι
1921 1932 2158 1990 διανοού-
2173 1944 2230 1987 20

335 2051 488 2100 μενος
499 2070 517 2096 ,
570 2027 620 2090 ἐς
640 2049 693 2080 τε
721 2026 842 2090 τοὺς
878 2026 1068 2089 ἄλλους
1102 2024 1292 2089 πόνους
1328 2029 1412 2080 καὶ
1440 2025 1535 2093 οὐχ
1559 2023 1742 2093 ἣκιστα
1765 2024 1817 2085 ἐς
1839 2022 1960 2085 τοὺς
1987 2019 2161 2076 κινδύ-

333 2137 453 2178 νους
474 2115 658 2182 κομιδῆ
683 2111 881 2175 ἄοκνος.
971 2111 1063 2166 οὐκ
1084 2109 1383 2183 ἀξύμφορον
1406 2110 1466 2164 δέ
1486 2110 1534 2164 οἳ
1559 2106 1832 2179 ἦγούμενος
1855 2106 1979 2162 εἶναι
2003 2104 2163 2160 δύνα-

333 2203 422 2270 μίν
449 2221 503 2254 τε
528 2203 632 2253 τῶν
659 2199 928 2253 Βανδίλων
951 2200 1035 2251 καὶ
1058 2197 1118 2251 τὸ
1143 2201 1194 2251 Γ
1189 2198 1402 2269 ιζερίχου
1427 2190 1563 2266 ἦθος
1587 2193 2015 2267 διερευνήσασθαι
2035 2190 2165 2264 πρό-

448 2337 492 2382 5.
520 2330 875 2393 Ἆρδαβοῦριον]
909 2329 1222 2390 ἅνδαβούριον
1250 2333 1345 2376 HL.
1403 2331 1672 2377 Ardaburius
1700 2344 1836 2390 supra
1863 2344 1905 2387 p.
1937 2330 2021 2373 182
2042 2327 2085 2371 d.
2115 2331 2160 2371 et

450 2393 620 2451 saepius
657 2392 703 2435 in
742 2393 975 2449 Excerptis
1011 2392 1305 2448 Legationum.
1447 2392 1491 2436 9.
1517 2385 1781 2447 Ὀλύβριος]
1821 2385 2034 2445 ὀλίβρυος
2063 2386 2159 2429 HL.

452 2453 520 2496 16.
550 2449 648 2507 ἔσχε
675 2451 730 2495 Α.
787 2447 877 2506 εἶχε
906 2450 957 2492 P.
1075 2452 1145 2494 19.
1173 2448 1357 2506 α’γείρας
1382 2448 1437 2491 L.
1493 2445 1670 2506 ἐγείρας
1698 2448 1748 2490 Ρ.

338 2563 670 2621 appellationem
713 2563 806 2607 Deo
850 2562 1070 2620 aptissime
1116 2562 1344 2607 convenire
1367 2561 1653 2606 censentibus.
1709 2562 1850 2618 Atque
1889 2560 1963 2603 ille
1992 2558 2162 2616 quidem

338 2620 523 2664 Verinae
563 2622 781 2676 Augustae
822 2620 1124 2677 deprecatione
1158 2621 1389 2677 periculum
1430 2619 1600 2672 evasit3
1639 2618 1716 2662 sed
1754 2617 2006 2674 Imperium,
2040 2616 2162 2659 cuius

339 2691 472 2722 causa
499 2677 607 2719 nihil
643 2693 727 2721 non
767 2685 944 2735 egerat,
986 2684 1089 2721 tunc
1128 2678 1311 2736 adipisci
1338 2691 1421 2720 non
1451 2677 1626 2734 potuit,
1661 2676 1715 2719 ob
1745 2681 2010 2720 consecutam
2040 2673 2163 2716 brevi

340 2748 487 2778 necem
516 2736 691 2789 Asparis
720 2741 766 2778 et
792 2734 1047 2788 Ardaburii,
1089 2750 1195 2792 quos
1223 2735 1268 2778 in
1298 2734 1458 2791 palatio
1486 2734 1574 2777 Leo
1604 2736 1716 2789 Aug.
1752 2733 1890 2777 occidi
1919 2731 2066 2785 iussit,
2092 2731 2161 2774 in-

342 2791 475 2835 sidias
502 2790 619 2834 vitae
646 2805 750 2835 suae
779 2794 833 2835 ab
863 2793 946 2835 illis
974 2799 1148 2848 paratas
1176 2792 1427 2849 suspicatus.
1487 2791 1609 2834 Haec
1635 2790 1696 2833 ibi
1723 2789 1786 2834 ita
1815 2795 1952 2846 gesta.
2169 2806 2173 2810 ·
2219 2838 2226 2845 ,

456 2849 499 2891 7.
557 2849 798 2904 Imperator
839 2849 1089 2892 Occidentis
1127 2850 1372 2892 Anthemius
1420 2863 1448 2891 a
1483 2848 1704 2891 Recimere
1741 2862 1899 2904 genero
1941 2847 2161 2889 confossus

342 2904 553 2949 occubuit·
613 2906 818 2962 Olybrius
845 2907 995 2963 paucis
1025 2911 1124 2963 post
1149 2910 1390 2963 susceptum
1418 2904 1641 2962 Imperium
1668 2905 1880 2947 mensibus
1907 2904 2038 2947 vitam
2067 2905 2160 2947 fato

343 2962 471 3006 simili
509 2961 675 3005 clausit.
734 2964 904 3006 Mortuo
948 2978 1118 3020 quoque
1157 2963 1359 3019 Byzantii
1386 2964 1557 3016 Leone,
1598 2963 1807 3005 successit
1833 2962 1878 3004 in
1905 2960 1995 3003 eius
2024 2961 2162 3004 locum

344 3020 454 3064 alter
490 3019 600 3071 Leo,
642 3019 827 3062 Zenonis
865 3020 976 3062 filius
1013 3028 1059 3063 et
1094 3022 1304 3064 Ariadnes
1343 3020 1460 3063 filiae
1496 3017 1666 3062 Leonis.
1720 3018 1790 3061 Illi
1829 3032 1977 3075 parum
2007 3018 2166 3062 aetatis

345 3076 486 3120 adhuc
514 3076 690 3118 habenti
712 3091 886 3119 consors
915 3078 1147 3133 adoptatus
1176 3083 1244 3120 est
1273 3083 1424 3135 pater:
1452 3075 1528 3119 sed
1556 3074 1678 3118 brevi
1707 3090 1813 3131 puer
1841 3077 1894 3119 ab
1924 3075 2165 3118 hominibus

347 3133 618 3187 demigravit.
675 3133 787 3176 Ante
826 3135 961 3185 haec,
994 3135 1246 3177 Occidentis
1279 3134 1504 3190 Imperium
1532 3132 1777 3176 obtinuerat
1816 3133 2078 3183 Malorinus,
2107 3133 2164 3175 de

348 3205 432 3246 quo
460 3190 552 3232 sine
568 3188 731 3232 iniuria
757 3197 906 3233 tacere
933 3205 1114 3246 nequeo.
1171 3191 1255 3234 Hic
1280 3191 1391 3234 enim
1419 3189 1620 3238 Romanis
1645 3190 2007 3247 Imperatoribus,
2037 3194 2166 3245 quot-

347 3251 454 3303 quot
481 3261 664 3302 unquam
691 3248 868 3289 fuerunt
884 3281 894 3299 ‚
924 3248 1182 3290 antecellens
1209 3248 1398 3298 virtute,
1426 3247 1548 3290 cuius
1575 3261 1772 3290 numeros
1799 3261 1942 3291 omnes
1971 3247 2165 3302 contine-
2232 3276 2234 3281 x

347 3305 447 3357 bat,
489 3304 661 3347 Africae
688 3304 850 3347 cladem
881 3319 963 3347 non
991 3305 1166 3347 remisso
1195 3305 1331 3347 animo
1359 3303 1486 3356 tulit3
1525 3304 1603 3346 sed
1629 3304 1672 3346 in
1701 3306 1878 3360 Liguria
1907 3303 2164 3347 florentissi-
2219 3337 2222 3342 .

349 3375 460 3403 mum
499 3361 730 3404 exercitum
771 3362 985 3404 adversus
1015 3361 1234 3404 Vandalos
1260 3360 1489 3413 conflavit,
1533 3369 1666 3417 utque
1693 3362 1763 3405 vir
1790 3366 1885 3405 erat
1914 3362 1968 3404 ad
1997 3362 2163 3404 labores
2234 3395 2237 3400 .

351 3417 523 3473 quosvis
550 3424 595 3462 et
617 3417 861 3462 discrimina
888 3418 987 3461 belli
1015 3417 1223 3474 impiger,
1250 3433 1347 3462 eum
1376 3419 1468 3475 ipse
1496 3418 1715 3462 constituit
1742 3420 1787 3462 in
1815 3420 1959 3462 hostes
1988 3419 2161 3461 ducere.

351 3476 486 3519 Ratus
526 3480 668 3520 autem
702 3489 859 3534 operae
880 3476 1061 3534 pretium
1087 3489 1205 3530 esse,
1245 3475 1363 3535 prins
1407 3476 1632 3534 explorare
1659 3483 1705 3524 et
1736 3476 2018 3522 Vandalorum
2048 3475 2163 3519 vires
