2254 3814
563 213 659 266 DE
700 214 927 268 BELLO
971 215 1261 269 PERSICO
1304 215 1371 268 Π.
1419 216 1514 271 13.
1832 215 1949 272 211

140 353 407 421 Καρρηνοὶ
446 352 504 406 δὲ
542 350 779 421 ἀπήντων
805 350 1048 422 χρήματα
1085 355 1249 409 πολλὰ
1285 352 1682 427 προτεινόμενοι·
1739 352 1766 409 ὃ
1804 356 1860 408 δὲ
1891 355 1950 409 οὗ

141 434 411 503 προσήκειν
448 435 663 508 ἔφασκεν
675 477 692 502 ,
752 436 828 491 ὅτι
863 438 927 506 δὴ
974 441 1022 492 οἱ
1067 446 1289 494 πλεῖστοι
1333 439 1393 494 οὔ
1436 441 1772 513 Χριστιανοὶ,
1821 439 1951 494 ἀλλὰ

141 518 294 589 δόξης
317 526 412 588 τῆς
434 526 656 583 παλαιᾶς
675 519 1005 590 τυγχάνουσιν
1030 522 1183 586 ὅντες.

307 607 413 658 Καὶ
446 604 549 671 μὴν
584 607 667 658 καὶ
699 609 1143 662 Κωνσταντινιε’ων
1173 606 1416 679 χρήματα
1452 605 1697 663 διδόντων
1722 609 1946 675 ἐδέξατο,

97 690 313 758 5καίπερ
352 685 562 758 φάσκων
591 690 641 743 οἱ
671 690 726 743 ἐκ
755 692 986 762 πατέρων
1012 690 1280 763 προσήκειν
1312 692 1405 761 τὴν
1431 690 1593 748 πόλιν.
1649 694 1819 762 ἐπειδὴ
1849 695 1948 766 γὰρ

134 771 387 841 Καβάδης
418 771 625 839 Ἀμίδαν
659 772 783 830 εἷλεν
798 817 816 842 ,
847 776 1096 831 Ἔδεσσάν
1133 799 1187 831 τε
1224 778 1308 831 καὶ
1339 780 1734 832 Κωνσταντίναν
1769 780 1947 843 ἐξελεῖν

133 857 332 927 ἤθελεν.
392 855 515 911 ἀλλ’
550 858 788 930 Ἐδέσσης
819 862 912 928 μὲν
938 861 1093 931 ὄγχοῦ
1119 859 1378 931 γενόμενος
1404 867 1506 915 τῶν
1526 860 1705 932 μάγων
1730 863 1946 918 ἇνεπυν-
1974 871 2012 915 Β

131 940 322 996 θάνετο
359 941 413 996 εἴ
439 942 490 996 οἱ
524 940 782 1012 ἁλώσιμος
818 942 852 1014 ἦ
893 943 1039 1008 πόλις
1064 946 1232 1012 ἔσται,
1283 948 1452 1008 δείξας
1480 951 1544 1016 τῇ
1577 950 1714 1021 δεξιᾷ
1739 951 1866 1019 χειρὶ
1888 949 1948 1003 τὸ

126 1029 317 1098 χωρίον
343 1027 532 1092 αὐτοῖς.
619 1030 667 1084 οἶ
698 1031 754 1083 δὲ
792 1029 932 1104 αὐτῷ
969 1031 1062 1101 τὴν
1097 1028 1243 1085 πόλιν
1277 1027 1574 1084 ἁλώσεσθαι
1609 1031 1818 1108 οὐδεμιᾷ
1844 1055 1949 1102 μη-

62 1118 260 1185 1οχανῇ
283 1111 479 1183 ἔλεγον,
522 1113 902 1185 τεκμαιρόμενοι
917 1157 935 1182 ,
982 1115 1060 1170 ὅτι
1088 1116 1149 1186 δὴ
1176 1116 1270 1184 τὴν
1303 1114 1468 1178 δεξιὰν
1498 1115 1629 1187 αὐτῇ
1652 1125 1796 1187 χεῖρα
1818 1139 1948 1189 προ-

127 1199 294 1260 τείνας
312 1197 407 1268 οὐχ
424 1195 659 1262 ἁλώσεως
681 1198 842 1274 ταύτῃ
869 1199 986 1254 οὐδὲ
1005 1201 1162 1255 ἄλλου
1187 1199 1402 1256 ὁτουοῦν
1420 1205 1648 1268 χαλεποῦ
1671 1199 1945 1270 ξύμβολον,

128 1282 258 1337 ἀλλὰ
287 1284 544 1354 σωτηρίας
578 1287 761 1355 διδοίη.
845 1288 927 1339 καὶ
955 1286 1011 1349 ὃς
1035 1292 1199 1340 ταῦτα
1224 1283 1479 1351 ἀκούσας,
1524 1285 1755 1340 ἐπείθετό
1788 1309 1842 1341 τε
1864 1289 1949 1340 καὶ

126 1370 306 1438 ἐπῆγεν
330 1369 411 1422 ἐπὶ
446 1372 839 1424 Κωνσταντίναν
871 1372 930 1425 τὸ
961 1370 1268 1444 στράτευμα.
1354 1371 1583 1424 ἐνταῦθα
1622 1372 1679 1424 δὲ
1701 1369 1946 1444 ἀφικόμε-

123 1474 214 1516 νος
247 1452 798 1526 ἐνστρατοπεδεύεσθαι
838 1459 988 1511 παντὶ
1026 1464 1098 1531 τῷ
1122 1462 1324 1530 στρατῷ
1354 1453 1424 1519 ὥς
1446 1452 1797 1527 πολιορκήσων
1828 1457 1944 1511 ἕπε’-

58 1543 342 1604 ι5στελλεν.
395 1533 458 1607 ἦν
494 1540 552 1593 δὲ
579 1543 970 1611 Κωνσταντίνης
995 1542 1153 1614 ἱερεὺς
1189 1540 1303 1596 τότε
1323 1538 1658 1612 Βαράδοτος,
1700 1541 1829 1612 ἀνὴρ
1858 1544 1938 1596 δί-
1965 1541 2007 1586 V
2034 1540 2120 1587 304

124 1622 268 1686 καιός
292 1645 347 1678 τε
375 1626 458 1678 καὶ
483 1630 558 1699 τῷ
588 1631 697 1699 θεῷ
724 1628 776 1689 ἔς
797 1626 861 1680 τὰ
881 1621 1102 1695 μάλιστα
1123 1630 1298 1699 φίλος,
1345 1629 1428 1681 καὶ
1473 1625 1570 1679 ἀπ’
1610 1626 1771 1681 αὐτοῦ
1802 1629 1940 1699 ἐνερ-
1968 1625 2007 1670 C

119 1716 314 1780 γοῦσαν
337 1710 388 1772 ἔς
409 1708 439 1762 ὃ
460 1730 509 1762 τι
538 1709 778 1778 βούλοιτο
818 1711 894 1765 ἀεὶ
933 1713 1029 1782 τὴν
1063 1712 1214 1782 εὐχὴν
1246 1712 1372 1780 ἔχων
1394 1729 1408 1743 ·
1455 1705 1519 1765 οὗ
1543 1713 1626 1764 καὶ
1650 1713 1708 1766 τὸ
1735 1710 1943 1783 πρόσω-

118 1817 217 1848 πον
239 1794 362 1848 ῖδὼν
386 1794 451 1848 ἄν
467 1815 545 1856 τις
568 1795 729 1858 εὗθύς
750 1797 945 1850 εἷ’κασεν
968 1797 1043 1851 ὅτι
1069 1798 1132 1866 δὴ
1155 1803 1227 1870 τῷ
1251 1803 1358 1871 θεῷ
1384 1796 1770 1865 ἕνδελεχέστατα
1793 1819 1944 1867 κεχα-

120 1879 353 1950 ρισμένος
386 1876 413 1932 ὅ
457 1879 586 1951 ἀνὴρ
623 1881 715 1950 εἴη.
803 1875 954 1944 οὗτος
985 1880 1011 1936 ὅ
1050 1880 1354 1954 Βαράδοτος
1389 1886 1666 1951 τηνικαῦτα
1690 1883 1830 1953 παρὰ
1852 1883 1944 1937 τὸν

34 1962 378 2035 ςωΚαβάδην
411 1965 579 2019 ἐλθὼν
615 1962 750 2021 οἶνόν
784 1989 837 2021 τε
860 1967 1027 2038 ἤνεγκε
1055 1970 1139 2021 καὶ
1167 1966 1382 2036 ἰσχάδας
1407 1970 1491 2020 καὶ
1522 1966 1636 2034 μέλι
1658 1969 1742 2020 καὶ
1769 1973 1944 2021 καθα-

119 2051 243 2123 ροῦς
265 2050 455 2119 ἄρτους
462 2091 480 2117 ,
524 2052 607 2104 καὶ
633 2051 794 2106 αὐτοῦ
815 2055 972 2107 ἐδεῖτο
996 2053 1070 2122 μὴ
1095 2053 1476 2123 ἀποπειρᾶσθαι
1502 2049 1722 2118 πόλεως,
1771 2051 1802 2121 ἢ
1825 2051 1943 2106 οὔτε

117 2134 268 2208 λόγου
295 2135 413 2200 ἀξία
435 2137 542 2191 ἐστὶ
565 2138 649 2191 καὶ
671 2138 796 2211 πρὸς
815 2136 1076 2208 Ῥωμαίων
1099 2138 1416 2210 ἄπημέληται
1445 2139 1586 2203 λίαν,
1633 2136 1749 2191 οὔτε
1778 2159 1940 2210 στρα-

230 2314 303 2360 22.
331 2309 468 2369 οὔτε]
498 2307 611 2359 odd}
638 2313 691 2361 Ρ.

118 2468 325 2528 perrexit.
383 2469 566 2514 Obviam
604 2475 902 2528 processerunt
929 2470 1163 2515 Carrheni=
1203 2470 1356 2529 quibus
1383 2469 1551 2513 multam
1580 2467 1803 2526 pecuniam
1832 2468 1939 2514 ofl'e-

116 2527 339 2578 rentibus,
379 2526 460 2570 tali
489 2527 631 2571 officio
660 2527 1017 2584 supersedendum
1047 2529 1182 2581 dixit3
1226 2534 1453 2586 propterea
1482 2529 1599 2584 quod
1628 2527 1690 2569 ini
1718 2524 1938 2571 maximam

119 2590 287 2642 partem
315 2597 400 2626 non
429 2583 659 2628 Christiani
689 2591 836 2636 erant,
866 2586 943 2628 sed
973 2585 1154 2643 priscam
1183 2586 1427 2628 retinebant
1457 2583 1785 2640 persuasionem.

230 2643 268 2684 Α
296 2641 741 2685 Constantiniensibus
780 2642 966 2686 oblatum
1007 2657 1153 2686 aurum
1196 2642 1387 2698 accepit3
1429 2641 1600 2684 tametsi
1640 2655 1782 2684 eorum
1811 2640 1938 2698 oppi-

115 2696 339 2741 dominre
380 2707 558 2756 paterno
597 2713 714 2742 suum
758 2714 853 2743 esse
893 2700 1071 2743 diceret.
1128 2701 1232 2743 Cum
1264 2700 1372 2743 enim
1412 2698 1602 2742 Amidam
1636 2698 1822 2754 cepisset
1851 2700 1939 2741 Ca·-

115 2756 276 2807 bada,
306 2754 510 2800 Edessam
541 2770 711 2813 quoque
741 2763 786 2799 et
815 2757 1136 2800 Constantinam
1167 2757 1303 2800 voluit
1332 2769 1594 2813 expugnare.
1653 2757 1710 2798 At
1739 2755 1810 2797 ubi
1839 2770 1940 2812 pro-

147 2812 214 2855 ius
253 2811 458 2857 Edessam
495 2813 642 2866 venit,
687 2813 853 2857 intenta
888 2815 1042 2858 dextra
1079 2815 1224 2857 urbem
1254 2822 1606 2865 commonstrans,
1644 2813 1858 2870 quaesivit
1885 2825 1940 2857 ex

115 2826 260 2926 Blagis
286 2883 393 2913 eane
423 2870 553 2927 potiri
582 2872 763 2927 posset?
823 2871 880 2914 Hi
910 2871 1021 2915 nullo
1051 2872 1173 2915 modo
1202 2880 1368 2929 captum
1395 2870 1448 2913 iri
1478 2870 1591 2912 illam
1621 2876 1938 2923 asseverarunt,

115 2940 169 2969 ea
196 2925 286 2970 nixi
314 2926 587 2977 coniectura,
634 2927 749 2983 quod
792 2934 993 2984 porrecta
1031 2930 1085 2972 ad
1125 2929 1259 2972 locum
1290 2929 1469 2971 dextera
1497 2941 1579 2970 non
1609 2927 1937 2983 expugnationis

116 2983 281 3027 aliusve
307 2984 538 3041 miuspiam
569 2983 766 3028 sinistrae
796 2986 888 3038 rei,
930 2992 976 3028 at
1013 2986 1165 3030 salutis
1209 2985 1372 3041 signum
1403 2985 1606 3028 dedisset.
1668 2985 1746 3027 His
1775 2983 1935 3027 auditis

115 3040 243 3083 fidem
280 3041 431 3085 habuit
457 3041 678 3093 cabades,
716 3050 761 3084 et
801 3043 1118 3086 Constantinam
1154 3056 1303 3087 versus
1341 3043 1488 3099 copias
1517 3041 1652 3084 duxit.
1713 3041 1810 3092 Quo
1841 3055 1934 3083 cum

118 3096 406 3154 pervenisset.
450 3108 594 3141 castra
633 3113 775 3142 omnes
805 3100 860 3143 ad
890 3099 1126 3144 faciendam
1157 3101 1417 3145 obsidionem
1445 3098 1599 3142 metari
1626 3097 1762 3141 iussit.
1823 3098 1935 3142 Erat

117 3160 205 3196 tum
232 3154 436 3212 temporis
462 3157 766 3199 Constantinae
796 3157 975 3200 Praesul
1003 3157 1242 3201 Baradotus
1259 3188 1270 3210 ‚
1312 3156 1516 3212 singulari
1545 3155 1612 3199 vir
1641 3154 1934 3207 sanctimonia,

115 3224 170 3253 ac
197 3208 290 3253 Deo
317 3209 633 3256 dilectissimus:
664 3215 930 3271 quamobrem
960 3214 1051 3258 eius
1078 3229 1227 3272 preces
1257 3214 1312 3257 ad
1342 3214 1502 3265 omnia,
1533 3227 1812 3269 quaecunque
1841 3212 1934 3254 vel-

116 3266 203 3318 let,
245 3266 301 3310 i·
455 3267 512 3313 da
554 3270 752 3314 efficaces
792 3272 1012 3316 admodum
1041 3278 1177 3316 erant.
1234 3271 1365 3314 Cuius
1403 3271 1470 3314 vel
1498 3270 1592 3327 ipse
1623 3270 1762 3312 vultus
1790 3269 1931 3312 statim

117 3272 689 3381 intuentiffisuadebat
716 3328 854 3372 virum
882 3342 992 3383 esse,
1023 3329 1095 3387 qui
1128 3328 1347 3388 plurimum
1377 3327 1518 3386 gratia
1547 3326 1824 3394 apud-Deum
1853 3340 1934 3368 va·-

116 3381 239 3425 leret.
299 3379 343 3422 1·
370 3387 457 3424 tum
485 3381 700 3428 Cabadem
729 3385 857 3430 adiit:
886 3388 1053 3439 vinum,
1083 3387 1269 3440 caricas,
1296 3386 1378 3429 mel
1406 3400 1456 3429 ao
1519 3398 1620 3428 anes
1650 3383 1932 3438 similagineos

117 3436 289 3490 attulit,
319 3442 365 3479 et
394 3438 633 3483 obtestatus
661 3448 752 3495 est,
782 3451 830 3486 ut
858 3444 1090 3488 abstineret
1118 3445 1250 3498 urbe,
1280 3458 1390 3501 quae
1418 3399 1570 3486 nulrius
1599 3448 1715 3484 esset
1744 3453 1928 3481 momen-

115 3494 181 3547 ti,
210 3502 256 3538 et
282 3493 408 3538 valde
436 3509 463 3539 a
490 3495 689 3542 Romam·
716 3500 937 3555 neglecta,
966 3515 1044 3546 neo
1071 3501 1255 3546 militare
1283 3500 1564 3559 praesidium,
1593 3512 1669 3542 nec
1698 3497 1927 3540 munimen-
