2254 3814
347 190 464 248 192
1092 191 1426 246 PROCOPII

338 334 608 406 συμφορὰ,
652 340 764 396 ταῖς
802 333 857 385 δὲ
899 329 1109 401 ἡδοναῖς
1141 329 1304 402 λύπη,
1347 333 1439 387 οὐκ
1469 333 1630 387 ἕῶσαί
1658 354 1772 386 τινα
1807 333 2016 402 γνησίας
2048 334 2170 385 ποτὲ

337 427 432 489 τῆς
456 419 724 488 δεδομένης
747 418 1014 487 εύημερίας
1052 415 1364 473 ἀπόνασθαι.
1452 417 1599 473 πόλιν
1621 418 1719 488 γὰρ
1744 414 1923 486 τήνδε,
1969 417 2171 480 ἀξιολο-

336 503 569 576 γωτάτην
608 506 657 566 ἐς
699 503 765 556 τὰ
804 499 1030 570 μάλιστα
1067 505 1334 574 λεγομένην
1368 527 1421 559 τε
1459 506 1542 557 καὶ
1583 500 1743 558 οὖσαν
1782 503 1834 556 ἓν
1873 507 1935 574 γῇ
1957 508 2022 574 τῇ
2043 500 2169 560 Ῥω-

334 593 525 659 μαίων,
563 585 868 642 ἀπονώτατα
888 589 982 657 μὲν
1004 587 1129 643 ἑλεῖν
1153 590 1337 658 ἴσχυσα
1349 631 1366 658 ,
1413 595 1506 644 τοῦ
1529 595 1659 643 θεοῦ
1681 585 2173 657 αὖτοσχεδιάσαντος

335 674 484 743 ἡμῖν,
534 671 603 736 ὡς
643 672 822 746 ὁρᾶτε,
872 672 1036 744 δήπου
1075 675 1169 743 τὴν
1205 678 1364 745 νίκην.
1455 672 1615 747 φόνον
1660 674 1834 742 μέντοι
1876 670 2213 743 ἀνθρώπωνὸ

337 758 527 830 ὁρῶντί
545 782 636 826 μοι
658 757 919 814 τοσούτων
940 760 999 814 τὸ
1028 767 1258 831 πλῆθος,
1292 762 1475 830 αἵματί
1495 781 1548 812 τε
1571 764 1743 832 πολλῷ
1767 758 2172 827 βεβαπτισμένον

338 845 396 899 τὸ
430 842 705 915 τρόπαιον,
752 845 965 913 οὗδεμία
996 852 1089 916 τῆς
1121 846 1220 900 ἀπὸ
1255 853 1350 916 τῆς
1385 843 1613 917 πράξεως
1649 842 1836 912 ἡδονῆς
1869 845 2066 914 γέγονεν
2090 843 2174 896 αἶ’-

163 948 198 989 Ρ
231 949 313 993 109
344 937 550 1000 σθησις.
637 934 720 986 καὶ
752 934 910 985 τῶνδε
939 932 989 985 οἶ
1012 934 1326 1004 ταλαίπωροι
1347 932 1612 1000 Ἀντιοχεῖς
1637 930 1815 996 αἴτιοι,
1862 931 1914 983 o‘c'
1934 951 1988 1000 γε
2010 950 2173 997 τειχο-

338 1022 634 1086 μαχοῦντας
657 1018 750 1086 μὲν
772 1017 865 1085 οὐχ
892 1014 994 1070 οἷοί
1014 1040 1065 1071 τε
1089 1015 1319 1088 γεγόνασι
1342 1018 1555 1087 Πέρσας
1582 1013 1917 1079 ἀπώσασθαι,
1963 1014 2089 1084 πρὸς
2117 1015 2174 1067 δὲ

339 1099 661 1171 νενικηκότας
692 1102 791 1172 ἤδη
827 1105 912 1156 καὶ
953 1103 1192 1171 αὐτοβοεὶ
1229 1104 1322 1172 τὴν
1365 1101 1511 1157 πόλιν
1551 1099 1760 1164 ἑλόντας
1789 1097 1976 1171 θράσει
2002 1105 2173 1153 θανα-
2189 1107 2217 1152 1·

341 1194 529 1250 τῶντες
562 1189 811 1260 ἀλογίστῳ
853 1190 1150 1258 ζυγομαχεῖν
1182 1189 1422 1255 ἔγνωσαν.
1511 1184 1695 1249 πάντες
1717 1188 1812 1255 μὲν
1840 1179 1931 1238 οὖν
1961 1185 2010 1239 οἶ
2032 1189 2175 1255 Περ-

343 1279 448 1327 σῶν
471 1271 668 1342 δόκιμοι
694 1274 858 1327 πολλὰ
880 1275 1201 1341 ἐνοχλοῦντες
1223 1274 1536 1344 σαγηνεῦσαί
1555 1273 1615 1325 τέ
1634 1294 1698 1339 με
1722 1271 1814 1340 τὴν
1835 1267 1981 1324 πόλιν
2003 1269 2177 1339 ἠξίουν

342 1361 426 1412 καὶ
450 1356 746 1427 ξύμπαντας
771 1362 1071 1430 διαφθεῖραι
1096 1359 1218 1421 τούς
1242 1357 1521 1428 ἡλωκότας,
1610 1357 1706 1426 ε’γιὺ
1735 1357 1791 1409 δὲ
1814 1355 1936 1418 τούς
1961 1352 2177 1427 φεύγον-

187 1461 231 1504 Η
259 1464 316 1508 60
343 1466 436 1506 τας
465 1445 689 1498 ἐκέλευον
716 1448 786 1506 εἷς
811 1444 905 1513 τὴν
933 1443 1206 1514 ὑπαγωγὴν
1229 1449 1426 1512 μᾶλλον
1453 1441 1617 1514 ὁρμᾶν
1630 1483 1648 1508 ,
1695 1439 1835 1505 ὅπως
1860 1439 1938 1496 ὅτι
1962 1438 2176 1509 τάχιστα

339 1527 596 1594 σώζοιντο.
687 1530 745 1583 τὸ
784 1530 882 1599 γὰρ
919 1531 1233 1598 ἐπεμβαίνειν
1267 1539 1375 1592 τοῖς
1399 1527 1650 1600 ἡλωκόσιν
1675 1527 1768 1597 οὐχ
1794 1525 1999 1582 ὅσιον.“
2084 1534 2213 1580 ‘to-1

338 1621 507 1669 σαῦτα
543 1616 636 1683 μὲν
674 1613 700 1669 ὃ
736 1613 983 1685 Χοσρόης
1004 1612 1394 1685 τερατευόμενός
1417 1637 1470 1669 τε
1497 1618 1581 1669 καὶ
1604 1610 2051 1685 διαθρυπτόμενος
2071 1620 2178 1675 τοῖς

336 1701 606 1770 πρέσβεσιν
630 1698 762 1754 εἶπεν
776 1742 792 1767 ,
841 1702 934 1755 οὐκ
963 1701 1120 1755 ἔλαθε
1145 1702 1319 1770 μέντοι
1342 1701 1530 1765 αὐτοὺς
1554 1700 1686 1756 ὅτων
1714 1701 1855 1755 ἕνεκα
1878 1698 1968 1754 τὸν
1998 1697 2177 1770 καιρὸν

335 1782 580 1858 φεύγουσι
605 1795 712 1849 τοΐς
729 1785 997 1855 Ῥωμαίοις
1024 1789 1211 1856 ἐνδοίη.

271 1893 306 1935 13
492 1866 592 1924 Ἦν
629 1872 726 1942 γὰρ
765 1871 1054 1934 δεινότατος
1089 1868 1385 1942 ἀνθρώπων
1425 1867 1668 1925 ἁπάντων
1705 1870 1772 1924 τὰ
1804 1871 1899 1938 μὲν
1933 1867 2026 1922 οὔκ
2050 1866 2175 1923 ὅντα

338 1957 517 2022 εἷπεῖν,
556 1957 620 2010 τὰ
664 1959 720 2011 δὲ
760 1958 938 2028 ἀληθῆ
975 1955 1394 2027 ἐπικρύψασθαι,
1441 1959 1525 2010 καὶ
1565 1950 1636 2011 ὧν
1672 1955 1830 2018 αὐτὸς
1859 1951 2173 2026 ἐξημάρτανε

337 2042 431 2104 τὰς
466 2044 633 2105 αἰτίας
670 2052 778 2106 τοῖς
818 2043 1138 2114 ἠδικημένοις
1174 2045 1472 2112 ἐπενεγκεῖν·
1526 2041 1599 2096 ἔτι
1639 2043 1695 2095 δὲ
1737 2039 2048 2110 ὁμολογῆσαι
2083 2040 2176 2108 μὲν

342 2128 542 2195 ἕτοιμος
581 2127 785 2183 ἅπαντα
824 2132 906 2184 καὶ
944 2129 1078 2202 ὅρκῳ
1114 2129 1208 2198 τὴν
1242 2126 1516 2198 ὁμολογίαν
1541 2124 1934 2192 πιστώσασθαι,
1979 2127 2094 2179 λίαν
2119 2125 2175 2179 δὲ

339 2219 443 2267 τῶν
482 2213 691 2285 ἔναγχος
731 2215 872 2290 αὐτῷ·
910 2214 1237 2286 ξυγκειμένων
1262 2235 1314 2268 τε
1342 2215 1427 2267 καὶ
1453 2213 1832 2284 ὀμωμοσμένων
1857 2209 2177 2283 ἑτοιμότερος

454 2352 498 2396 7.
526 2353 610 2409 τῆς
637 2352 691 2398 L.
748 2369 818 2405 τις
845 2353 896 2396 Ρ.

341 2467 578 2521 luptalibus
607 2468 862 2524 aegritudo,
908 2482 1020 2524 quae
1058 2468 1269 2511 neminem
1310 2467 1477 2511 sincera
1516 2467 1688 2511 laetitia
1730 2466 1929 2523 vitaeque
1958 2466 2176 2521 felicitate
2207 2514 2226 2523 ,

337 2524 510 2579 perfrui
545 2525 674 2568 sinat.
733 2527 832 2582 Ego
869 2540 974 2568 sane
1013 2527 1159 2569 urbem
1202 2533 1243 2570 ct
1274 2529 1407 2580 sama
1438 2531 1482 2569 et
1508 2526 1651 2580 reipsa
1688 2525 1734 2567 in
1763 2524 1961 2567 Romano
1991 2525 2175 2580 Imperio

339 2583 645 2625 nobilissimam
674 2584 767 2637 cepi
785 2585 1015 2638 facillime,
1045 2599 1074 2626 a
1104 2585 1196 2626 Deo
1228 2598 1380 2640 nempe
1409 2597 1608 2626 concessa
1634 2583 1754 2625 nobis
1781 2582 1978 2635 victoria,
2006 2589 2055 2625 ut
2084 2596 2176 2624 cer-

339 2639 458 2690 nitis,
491 2642 783 2695 extemporali.
850 2641 1221 2685 Verumenimvero
1251 2649 1312 2685 tot
1342 2642 1559 2684 hominum
1588 2641 1761 2683 caedem
1792 2647 1834 2683 et
1862 2640 1908 2682 in
1937 2641 2068 2682 multo
2098 2640 2175 2682 de-

338 2710 523 2738 mersum
562 2699 776 2753 sanguine
815 2700 1071 2753 trophaeum
1109 2700 1322 2755 spectanti
1358 2700 1485 2751 mihi,
1535 2699 1700 2740 nullum
1739 2698 1976 2752 voluptati·
2003 2711 2173 2740 sensum

337 2760 468 2810 gesta
497 2768 566 2796 res
594 2756 757 2797 attulit.
814 2756 957 2799 Huius
985 2764 1131 2800 autem
1159 2758 1427 2799 calamitatis
1455 2769 1588 2798 causa
1617 2756 1664 2797 in
1693 2757 1868 2798 miseros
1891 2755 2174 2798 Antiochenos

335 2811 610 2864 refundenda
641 2818 727 2855 est.-
758 2814 832 2868 qui
863 2813 1004 2856 Persis
1032 2815 1399 2872 oppugnatoribus
1422 2814 1711 2869 propellendis
1738 2814 1949 2868 impares,
1981 2826 2074 2854 cum
2097 2813 2174 2856 iis-

337 2869 435 2911 dem
465 2869 555 2911 iam
582 2870 814 2912 victoribus
843 2885 896 2912 ac
921 2873 1061 2926 primo
1094 2874 1258 2929 impetu
1282 2872 1434 2928 potitis
1461 2872 1590 2919 urbe,
1637 2871 1916 2913 decreverunt
1943 2870 2174 2913 contende·

335 2940 399 2977 re,
429 2928 542 2969 ultro
571 2927 618 2969 in
645 2934 823 2970 mortem
852 2936 1024 2972 ruentes
1054 2933 1280 2972 malesana
1303 2930 1504 2972 audacia.
1567 2929 1664 2981 Qua
1692 2928 1857 2972 irritati
1883 2927 2045 2970 nobiles
2069 2928 2175 2970 Per-

338 2996 412 3026 sae
440 2986 692 3038 permoleste
721 2986 968 3037 instabant,
997 2993 1047 3030 ut
1075 2989 1294 3031 civitatem
1324 2988 1534 3043 indagine
1562 2987 1804 3041 cingerem.
1835 2990 2062 3040 captosque
2091 2985 2175 3028 ad-
2236 2984 2237 2987 '

339 3042 526 3084 dicerem
566 3043 860 3085 internecioni.
945 3046 1040 3100 Ego
1079 3060 1178 3087 vero
1210 3046 1462 3101 fugientes,
1510 3049 1559 3086 ut
1603 3040 1914 3097 quamprimum
1942 3042 2174 3085 incolumes
2223 3095 2225 3098 Α

339 3100 596 3152 evaderent,
643 3100 702 3141 ad
733 3102 1004 3144 celerandum
1045 3103 1236 3158 gradum
1265 3103 1527 3151 incitabam3
1575 3114 1670 3141 cum
1698 3103 1824 3154 nesae
1853 3112 1943 3141 esse
1973 3099 2172 3142 ducerem

338 3158 478 3212 captis
517 3158 747 3199 crudeliter
784 3158 1006 3202 insultare.
1076 3160 1146 3201 Ea
1185 3161 1402 3202 Chosroes
1445 3156 1694 3214 prodigioso
1732 3155 1952 3200 mendacio
1982 3156 2170 3199 dolorem

337 3214 530 3269 fingens,
573 3215 714 3257 fracta
751 3230 860 3257 voce
899 3216 1053 3272 legatis
1091 3216 1229 3270 dixit3
1264 3229 1390 3274 -quos
1418 3225 1503 3258 nou
1538 3214 1702 3257 latebat
1740 3229 1818 3258 cnr
1844 3213 2041 3270 fugiendi
2067 3227 2172 3272 spa·

339 3271 446 3315 tium
477 3272 674 3315 Romanis
704 3272 908 3315 dedisset.

454 3329 533 3372 Ille
575 3334 619 3372 et
649 3344 759 3372 vana
788 3329 932 3386 loqui,
975 3334 1020 3373 et
1047 3330 1189 3373 celare
1232 3343 1406 3380 verum,
1451 3341 1612 3384 suaque
1641 3327 1817 3372 crimina
1843 3327 1891 3371 in
1920 3341 2018 3380 eos,
2060 3341 2170 3385 quos

340 3387 486 3444 inique
527 3393 826 3445 oppresserat,
874 3388 1112 3430 transferre
1151 3388 1385 3430 mortalium
1430 3385 1608 3428 omnium
1649 3386 1846 3430 callebat.
1918 3385 2042 3428 Nihil
2085 3398 2170 3428 non

342 3449 537 3503 prompte
579 3444 830 3502 prolixeque
869 3445 1177 3502 pollicebatur,
1222 3450 1266 3486 et
1293 3443 1530 3486 iuramento
1570 3443 1762 3486 faciebat
1793 3442 1986 3500 promissi
2015 3442 2168 3484 fidem:
2236 3462 2242 3467 ·

345 3509 391 3547 at
417 3515 565 3547 rursus
593 3502 704 3547 idem
732 3508 862 3560 pacta
889 3508 1122 3558 conventa,
1159 3502 1386 3558 iurataque
1414 3500 1750 3556 nudiustertius,
1774 3501 1908 3545 multo
1934 3498 2170 3558 promptius
