2254 3814
342 211 466 270 462
729 262 732 265 ⁴
873 254 878 262 Α.
1087 219 1229 273 PRO
1235 216 1421 271 COPII

335 351 680 427 -Βουργᾶωνος
705 353 756 415 ἐς
778 351 896 423 ἷίρος
923 350 1076 405 ἐποίει
1109 353 1168 407 τὸ
1198 352 1364 423 ἕτερον
1377 395 1392 419 ,
1437 357 1667 410 ἐνταῦθα
1692 350 1935 420 ἐσώζοντο
1963 355 2010 407 οἱ
2031 353 2163 408 ὓπο-

341 439 651 508 λειπόμενοι,
699 438 783 490 διὰ
811 443 913 491 τῶν
940 433 1194 504 σωμάτων
1223 439 1316 507 τὴν
1341 444 1544 509 πορείαν
1567 438 1875 508 ποιούμενοι.
1961 439 2164 492 ἀπέθα-

344 549 432 580 νον
469 527 524 577 δὲ
559 526 610 576 ἐν
649 521 814 595 τούτῳ
848 527 922 596 τῷ
954 519 1092 596 πόνῳ
1115 525 1472 595 Μαυρουσίων
1495 524 1589 591 μὲν
1612 523 1852 594 μυριάδες
1877 524 2048 589 πέντε,
2096 521 2164 585 ὥς

276 620 313 662 C
347 611 516 664 αὐτῶν
552 610 863 678 ἰσχυρίζοντο
903 607 952 660 οἳ
989 606 1292 679 περιιόντες,
1329 607 1592 676 Ῥωμαίων
1628 609 1684 662 δὲ
1711 611 1768 665 τὸ
1800 606 2043 681 παράπαν
2075 607 2166 662 οὖ-

334 698 468 759 ,δεὶς,
528 693 588 747 οὐ
634 694 738 761 μὴν
777 692 896 746 οὐδὲ
929 690 1125 763 πληγήν
1162 715 1276 748 τινα
1317 692 1495 760 ἔλαβεν
1534 692 1569 763 ἢ
1606 693 1736 764 πρὸς
1774 701 1879 748 τῶν
1915 695 2208 762 πολεμίων5

337 779 370 848 ἢ
394 777 551 847 τύχης
576 778 716 851 αὐτῷ
743 774 1012 847 ξυμβᾶσης
1040 779 1202 845 τινὸς,
1253 778 1385 832 ἀλλὰ
1414 778 1705 851 ἀκραιφνεῖς
1729 776 1947 842 ἅπαντες
1970 785 2063 847 τῆς
2092 780 2171 831 νί-

339 886 430 934 κης
457 861 723 918 ἀπώναντο
753 861 960 932 ταύτης.
1047 864 1284 935 διέφυγον
1314 866 1474 917 δὲκαὶ
1504 864 1553 917 οἶ
1584 869 1687 918 τῶν
1707 863 1990 935 βαρβάρων
2014 860 2171 934 ἡγού-

338 972 480 1019 μενοι
504 947 705 1014 πάντες,
753 946 884 1018 πλήν
907 970 960 1019 γε
985 950 1048 1018 δὴ
1074 948 1152 1004 ὅτι
1171 946 1474 1012 Ἐσδιλάσας
1499 951 1688 1012 πίστεις
1712 950 1886 1018 λαβὼν
1906 948 2174 1017 Ῥωμαίοις

344 1033 500 1089 αὑτὸν
539 1036 840 1103 ἐνεχείρισεν.
927 1040 1179 1105 γυναικῶν
1216 1034 1389 1104 μέντοι
1416 1037 1499 1088 καὶ
1524 1037 1721 1090 παίδων
1749 1037 1887 1089 λείαν
1908 1033 2173 1102 ’τοσαύτην

341 1121 401 1174 τὸ
439 1126 643 1189 πλῆθος
669 1117 907 1187 Ῥωμαῖοι
936 1119 1068 1174 εἷλον
1104 1119 1232 1174 ὥστε
1258 1118 1524 1187 προβάτου
1558 1126 1708 1189 τιμῆς
1731 1123 1890 1173 παῖδα
1911 1117 2172 1190 ΖΡΙαυρού-
2188 1130 2212 1173 1

166 1218 211 1261 H
242 1216 324 1262 140
352 1226 463 1260 σιον
484 1214 592 1268 τοῖς
618 1205 860 1259 ὠνεῖσθαι
882 1205 1212 1274 βουλομένοις
1238 1205 1503 1259 ἀπέδοντο.
1576 1208 1659 1258 καὶ
1680 1201 1794 1258 τότε
1820 1207 2175 1274 Μαυρουσίων

346 1291 470 1355 τοὺς
489 1290 917 1356 ὑπολειπομένους
937 1296 1186 1361 γυναικῶν
1208 1295 1310 1343 τῶν
1335 1290 1592 1360 σφετέρων
1623 1290 1684 1344 τὸ
1714 1287 1879 1360 λόγιον
1906 1287 2038 1362 ἐσῄει
2053 1332 2070 1356 ,
2107 1288 2177 1352 ὥς

281 1387 322 1430 D
358 1376 459 1448 ἄρα
482 1377 540 1430 τὸ
569 1375 708 1445 γένος
735 1374 908 1436 αὐτοῖς
928 1376 1056 1446 πρὸς
1090 1374 1278 1445 ἀνδρὸς
1314 1373 1536 1445 ἀγενείου
1571 1373 1774 1430 ὄλεῖται.
1864 1375 1923 1429 τὸ
1955 1377 2048 1444 μὲν
2086 1369 2178 1429 οὖν

342 1461 604 1529 Ῥωμαίων
639 1457 934 1530 στράτευμα
968 1458 1056 1525 ξύν
1083 1482 1135 1514 τε
1157 1465 1222 1531 τῇ
1248 1461 1351 1534 λείᾳ
1390 1462 1474 1513 καὶ
1495 1464 1568 1534 τῷ
1591 1458 1864 1535 Ἐσδιλάσᾳ
1886 1461 1938 1522 ἒς
1960 1464 2178 1531 Καρχη-

348 1544 476 1601 δόνα
504 1543 782 1614 ἔσήλαυνον
798 1587 813 1611 ,
858 1551 961 1601 τῶν
994 1548 1050 1599 δὲ
1071 1542 1355 1616 βαρβάρων
1385 1543 1524 1607 ὅσοις
1554 1546 1628 1615 μὴ
1656 1546 1966 1599 ἀπολωλέναι
1990 1545 2177 1614 ξυμβέ-
2194 1553 2216 1598 1

347 1638 520 1701 βηκεν,
560 1631 611 1683 ἓν
630 1633 865 1704 Βυζακίῳ
887 1633 978 1700 μὲν
1008 1632 1256 1703 ἱδρῦσθαι
1282 1628 1514 1684 ἀδύνατα
1557 1629 1717 1685 ἐδόκει
1752 1629 1892 1697 εἶναι,
1942 1630 2078 1694 ὅπως
2104 1630 2178 1700 μὴ

349 1718 506 1787 ὀλίγοι
536 1715 674 1778 ὅντες
695 1717 822 1787 πρὸς
847 1714 1070 1785 Λιβύων
1097 1722 1201 1771 τῶν
1227 1717 1400 1787 σφίσιν
1421 1713 1626 1787 ὁμόρων
1645 1714 1938 1784 βιάζωνται.
2006 1717 2094 1780 ξὺν
2124 1716 2180 1769 δὲ

338 1802 564 1872 ,ἄρχουσι
601 1811 708 1864 τοῖς
746 1803 1010 1873 σφετέροις
1047 1804 1116 1865 εἲς
1140 1803 1430 1869 Νουμιδίαν
1455 1801 1750 1872 ἀφικόμενοι
1777 1803 1932 1855 ἱκέται
1958 1804 2180 1872 γίνονται

340 1886 550 1961 Ἶάβδᾳ,
598 1885 655 1949 ὃς
676 1893 779 1941 τῶν
804 1890 856 1942 ἐν
880 1889 1135 1960 Αὖρασίῳ
1163 1888 1519 1958 Μαυρουσίων
1539 1882 1680 1960 ἦρχε.
1748 1885 1896 1956 μόνοι
1935 1890 1991 1941 δὲ
2014 1891 2180 1942 Μαυ-

334 1975 569 2044 ρουσίων
599 1973 651 2026 ἓν
678 1974 912 2046 Βυζακίῳ
941 1973 1189 2041 διέμειναν
1219 1965 1291 2026 ὧν
1313 1969 1477 2042 ἧγεῖτο
1499 1971 1761 2039 Ἀντοῖλας,
1808 1971 1865 2036 ὃς
1887 1973 1950 2043 δὴ
1979 1975 2031 2026 ἓν
2057 1969 2179 2027 τού-

346 2079 421 2131 τῳ
449 2063 521 2130 τῷ
536 2054 708 2131 χρόνῳ
733 2058 825 2125 τὴν
847 2060 899 2120 ἒς
918 2056 1199 2124 Ῥωμαίους
1218 2059 1386 2112 πίστιν
1410 2057 1643 2130 φυλάξας
1666 2064 1834 2114 κακῶν
1855 2058 2065 2130 ἀπαθὴς
2093 2058 2181 2123 ξὺν

344 2152 453 2206 τοῖς
475 2140 718 2213 ὑπηκόοις
739 2152 847 2206 τοῖς
871 2141 1029 2198 αὑτοῦ
1052 2142 1253 2213 ἔμεινεν.

460 2351 535 2398 22.
562 2347 740 2408 αὑτοῦ]
773 2347 924 2397 αὐτοῦ
950 2351 1002 2398 Ρ.

352 2555 421 2595 tus
449 2551 608 2601 saltus,
660 2565 838 2609 aequum
868 2551 1092 2595 transitum
1130 2567 1158 2596 a
1185 2551 1411 2609 Burgaone
1449 2551 1503 2595 ad
1532 2553 1712 2594 montem
1753 2550 1926 2593 alterum
1967 2548 2179 2606 praebuit,

342 2610 451 2650 -tunc
488 2607 652 2651 residui
695 2623 773 2665 per
801 2610 968 2652 calcata
996 2610 1207 2652 cadavera
1235 2609 1368 2666 elapsi
1396 2616 1508 2652 sunt.
1578 2609 1644 2652 Ea
1673 2608 1819 2659 clade,
1862 2608 1899 2649 si
1926 2607 2180 2664 superstites

339 2665 596 2717 audiamus,
623 2665 827 2709 interiere
855 2666 1166 2724 quinquaginta
1193 2667 1436 2710 Maurorum
1466 2665 1621 2718 millia,
1664 2666 1940 2708 Romanorum
1980 2678 2034 2705 ne
2074 2676 2181 2706 unus
2241 2670 2254 2740 l

350 2722 545 2778 quidem=
598 2722 722 2765 immo
752 2738 855 2766 vero
896 2739 974 2767 nec
1004 2725 1174 2780 plagam
1211 2723 1435 2781 quisquam
1463 2725 1533 2766 vel
1562 2724 1616 2766 ab
1652 2722 1776 2765 hoste
1803 2723 1873 2765 vel
1903 2734 2004 2763 casu
2034 2721 2179 2776 aliquo
2251 2742 2254 2778 ἢ

349 2778 543 2834 accepit:
578 2780 655 2822 sed
685 2794 826 2822 omnes
853 2781 992 2824 illaesi
1020 2786 1150 2838 atque
1177 2781 1406 2824 incolumes
1434 2780 1657 2824 victoriam
1686 2781 1794 2822 hanc
1822 2785 1920 2821 suut
1948 2778 2180 2821 consecuti.
2244 2787 2254 2836 vf

349 2836 616 2891 Effugerunt
644 2837 928 2881 Barbarorum
958 2839 1118 2891 duces,
1157 2844 1333 2896 praeter
1362 2838 1613 2891 Esdilasam,
1657 2836 1746 2893 qui,
1787 2842 1962 2891 accepta
1991 2835 2092 2887 fide,
2132 2847 2180 2878 se
2251 2838 2254 2878 ἶ

347 2892 548 2936 Romanis
576 2893 785 2950 permisit.
843 2896 980 2939 Porro
1024 2901 1147 2939 tanta
1184 2895 1433 2939 feminarum
1463 2909 1525 2938 ac<
1551 2907 1778 2953 puerorum
1821 2893 2042 2936 multitudo
2084 2905 2182 2934 ces·-
2235 2889 2254 2939 's

339 2949 406 2992 sit
438 2948 522 2992 illis
549 2949 595 2992 in
634 2953 863 3007 praedam,
901 2959 976 3006 ut,
1020 2967 1103 3010 quo
1134 2953 1370 3004 oviculum‚
1412 2952 1558 2996 eodem
1599 2964 1772 3009 puerum
1814 2950 2006 2992 Maurum
2038 2949 2179 3005 pretio
2235 2959 2254 3001 ᾖμ

346 3006 584 3049 venderent
610 3008 850 3051 volentibus
880 3024 1037 3053 emere.
1098 3011 1211 3053 Tum
1251 3010 1439 3062 demum,
1480 3008 1552 3066 qui
1581 3009 1892 3063 superfuerant,
1930 3007 2179 3049 Maurarum
2236 3018 2247 3058 ζῆ

345 3063 564 3106 mulierum
593 3065 861 3118 vaticinium,
910 3081 1019 3123 quae
1047 3067 1215 3110 Mauris
1245 3067 1472 3123 perniciem
1502 3066 1557 3108 ab
1586 3064 1764 3107 imberbi
1793 3064 1887 3106 viro
1915 3063 2180 3106 inferendam
2243 3060 2254 3078 ‘²

341 3120 670 3177 praedixerant,
716 3121 1033 3166 intellexerunt.
1094 3125 1306 3167 Romanus
1337 3123 1549 3166 exercitus
1577 3135 1670 3165 cum
1699 3121 1861 3178 praeda
1891 3127 2020 3176 atque
2050 3119 2180 3162 Esdi-
2244 3123 2250 3158 ἵ

343 3179 436 3221 lasa
465 3176 766 3233 Carthaginem
796 3179 939 3222 rediit.
998 3182 1283 3224 Barbarorum
1314 3181 1544 3236 reliquiae,
1579 3191 1669 3220 cum
1699 3191 1781 3220 non
1812 3177 1917 3219 satis
1947 3183 2083 3220 tutum
2112 3177 2181 3219 vi—
2236 3174 2254 3211 '³‘

345 3235 520 3277 deretur
547 3235 661 3292 apud
691 3236 937 3291 Byzacenos
967 3238 1218 3289 consistere,
1259 3239 1372 3294 quod
1403 3235 1635 3294 periculum
1665 3239 1792 3286 esset,
1832 3250 1900 3287 ne,
1932 3236 1986 3277 ad
2019 3248 2178 3290 paucos

341 3291 521 3344 redacti,
550 3293 604 3334 ab
634 3292 752 3335 Afris
783 3294 970 3336 finitimis
999 3294 1370 3350 opprimerentur,
1414 3295 1458 3336 in
1486 3292 1728 3335 Numidiam
1759 3293 1968 3335 cum-¹suis
1998 3291 2180 3334 ducibus
2234 3299 2254 3361 Ξ

342 3363 390 3393 se
419 3356 701 3406 receperunt,
740 3356 786 3393 et
813 3350 992 3404 Iabdae,
1031 3352 1274 3394 Maurorum
1304 3351 1525 3393 Aurasium
1554 3354 1732 3391 montem
1760 3349 2028 3392 incolentium
2058 3347 2180 3405 prin-

343 3406 385 3449 ci
417 3405 468 3461 iS‚
497 3406 624 3449 fidem
653 3406 947 3464 implorarunt.
1006 3408 1252 3451 Maurorum
1274 3408 1386 3451 solos
1415 3406 1592 3450 retinuit
1614 3407 1843 3463 Byzacium
1873 3407 2067 3448 subditos
2090 3406 2180 3447 An-

343 3468 391 3507 ta
411 3477 486 3506 ae:
537 3463 611 3519 qui
639 3463 684 3507 in
712 3465 814 3509 data
840 3465 1045 3509 Romanis
1071 3465 1159 3508 fide
1186 3465 1231 3508 id
1261 3464 1465 3523 temporis
1493 3478 1665 3508 manens
1706 3478 1860 3523 expers
1901 3464 2042 3507 damni
2084 3475 2178 3505 cum

346 3521 435 3564 suis
468 3521 628 3567 extitit.
1234 3543 1243 3552 ·
