2184 3822
237 178 355 237 108
978 177 1309 233 PROCOPII

232 326 284 378 ἐν
306 327 371 396 τῇ
394 327 673 394 Σοφανηνῇ
697 317 981 390 καλουμένῃ
1002 316 1150 395 χώρᾳ
1161 360 1179 389 ,
1226 316 1420 384 πόλεως
1447 319 1657 390 Ἀμίδης
1676 319 2057 393 τεσσαράκοντά

230 431 286 462 τε
324 411 408 461 καὶ
441 410 715 468 διακοσίοις
741 406 968 466 σταδίοις
995 400 1242 472 ’διέχουσα
1278 406 1405 478 πρὸς
1441 412 1640 479 βορρᾶν
1674 406 1884 474 ἄνεμον·
1929 409 2058 478 πρὸς

232 493 374 566 αὐτῷ
401 495 455 546 δὲ
475 493 701 564 Νυμφίῳ
737 496 811 563 τῷ
836 495 1052 561 ποταμῷ
1079 491 1240 557 ἔστιν,
1290 491 1347 554 ὃς
1370 488 1460 560 τήν
1486 514 1539 546 τε
1570 490 1831 560 Ῥωμαίων
1855 499 1948 562 γῆν
1972 496 2057 546 καὶ

228 584 448 647 Περσῶν
477 579 692 647 διορίζει.
783 575 832 629 οἶ
858 575 951 644 μὲν
980 569 1068 628 οὖν
1091 575 1292 647 Πέρσαι
1317 582 1389 651 τῷ
1412 575 1663 651 περιβόλῳ
1687 578 2055 648 προσέβαλλον,

229 665 279 717 οἳ
306 665 361 715 δὲ
388 657 801 731 πολιορκούμενοι
829 660 948 714 κατ’
992 660 1152 731 ἀρχὰς
1186 662 1279 729 μὲν
1305 661 1494 724 αὐτοὺς
1524 662 1765 732 ἀνδρείως
1803 660 2097 734 &quorem-5

227 771 306 813 το,
354 748 413 800 οὐ
440 747 526 800 διὰ
550 751 742 800 πολλοῦ
769 747 825 798 δὲ
863 746 1092 809 ’ἀνθέξειν
1114 746 1334 810 ἐπίδοξοι
1358 741 1506 815 ἦσαν.
1597 745 1624 800 ὅ
1650 769 1703 800 τε
1724 747 1821 818 γὰρ
1849 751 2057 818 περίβο-

227 839 316 894 λος
342 829 729 901 ἒπιμαχώτατος
755 826 818 901 ἦν
856 834 909 884 ἐκ
932 836 1024 884 τοῦ
1062 832 1141 884 ἐπὶ
1164 837 1398 885 πλεῖστον
1421 834 1506 884 καὶ
1546 835 1810 906 πολιορκίᾳ
1835 837 2057 904 Περσῶν

225 920 394 993 ῥᾷστα
433 914 692 986 ἁλώσιμος
705 958 721 983 ,
771 916 924 970 αὐτοί
953 938 1007 970 τε
1043 916 1108 969 τὰ
1150 915 1405 986 ἐπιτήδεια
1437 915 1497 970 οὐ
1538 918 1760 986 διαρκῶς
1797 915 1946 985 εἶχον,
1995 918 2056 971 οὗ

225 1005 328 1073 μὴν
361 1003 480 1057 οὐδὲ
502 1003 737 1073 μηχανὰς
762 1001 883 1056 οὗδέ
905 1023 953 1055 τι
978 1001 1101 1055 ἄλλο
1128 999 1402 1073 ἀξιόχρεων
1431 1001 1562 1055 καθ’
1604 1000 1632 1056 ὅ
1667 1024 1714 1055 τι
1756 1001 2050 1071 ἀμύνονται.

225 1092 415 1152 Σίττας
451 1090 505 1143 δὲ
529 1091 612 1142 καὶ
651 1087 677 1142 ὃ
700 1085 977 1156 ιῬωμαίων
1011 1087 1233 1158 στρατὸς
1257 1089 1308 1149 ἐς
1336 1089 1527 1158 χωρίον
1554 1088 1648 1156 μὲν
1676 1087 1928 1156 Ἀτταχάς
1959 1083 2054 1157 ἧλ-
2070 1105 2125 1148 10

154 1189 196 1232 D
225 1180 356 1242 θον,
403 1170 863 1246 ΙῑἸαρτυροπόλειος
898 1170 1078 1226 ἑκατὸν
1114 1174 1343 1235 σταδίοις
1380 1173 1573 1241 διέχον,
1619 1173 1671 1234 ἒς
1697 1173 1763 1226 τὰ
1795 1171 1970 1244 πρόσω
1998 1175 2055 1227 δὲ
2171 1166 2173 1170 ’

223 1260 315 1314 οὒκ
354 1257 581 1329 ἐτόλμων
617 1259 770 1325 ἴέναι,
835 1257 954 1311 ἀλλ’
1001 1257 1161 1311 αὐτοῦ
1203 1256 1812 1329 ἐνστρατοπεδευσάμενοι
1857 1258 2049 1327 ἒζιιενον.

40 1352 81 1394 V
108 1352 195 1397 265
225 1348 380 1415 ξυνῆν
408 1347 462 1398 δὲ
489 1345 664 1406 αὐτοῖς
690 1346 773 1397 καὶ
798 1341 1098 1412 Ἑρμογένης
1125 1338 1281 1406 αὖθις
1318 1345 1397 1396 ἐπὶ
1422 1345 1662 1418 πρεσβεία
1690 1345 1744 1396 ἐκ
1765 1346 2051 1410 Βυζαντίου

218 1430 374 1501 ἥκων.
460 1432 512 1484 ἐν
538 1427 703 1501 τούτῳ
733 1429 789 1481 δὲ
811 1425 1008 1481 τοιόνδε
1038 1448 1088 1480 τι
1120 1428 1404 1498 ξυνηνέχθη
1429 1429 1683 1498 γενέσθαι.

386 1511 766 1575 Κατασκόπους
802 1514 855 1566 ἐκ
878 1518 1099 1565 παλαιοῦ
1126 1512 1178 1566 ἔν
1209 1535 1263 1566 τε
1294 1511 1561 1582 Ῥωμαίοις
1594 1515 1678 1567 καὶ
1699 1513 1929 1584 Πέρσαις
1958 1515 2051 1583 δη-
2068 1531 2121 1574 15
2182 1561 2184 1584 s

215 1602 375 1675 μοσίᾳ
399 1602 679 1666 σιτίζεσθαι
700 1595 856 1666 νόμος
868 1639 884 1664 ,
932 1598 987 1652 οἳ
1016 1599 1080 1669 δὴ
1105 1595 1283 1670 λάθρα
1311 1599 1436 1652 ἰέναι
1461 1599 1602 1670 παρὰ
1628 1599 1750 1662 τούς
1779 1601 2053 1664 πολεμίους

217 1685 461 1741 εἰώθασιν
473 1727 490 1752 ,
539 1683 680 1747 ὅπως
716 1679 1178 1755 περισκοπήσαντες
1204 1685 1256 1746 ἐς
1285 1684 1344 1738 τὸ
1383 1684 1588 1757 ἀκριβὲς
1624 1684 1691 1737 τὰ
1717 1682 2051 1755 πρασσόμενα

216 1771 323 1826 εἶτα
359 1768 647 1833 ἐπανιόντες
671 1778 779 1831 τοῖς
815 1769 1058 1839 ἄρχουσιν
1093 1771 1430 1841 ἓσαγγείλωσι.
1518 1767 1714 1824 τούτων
1749 1772 1926 1823 πολλοὶ
1955 1771 2049 1836 μὲν

214 1858 402 1932 εὐνοία,
451 1855 519 1919 ὥς
546 1856 605 1910 τὸ
633 1855 778 1921 εἰκὸς,
821 1860 1056 1926 χρῆσθαι
1084 1857 1152 1918 εἷς
1177 1854 1298 1917 τούς
1323 1852 1574 1925 ὁμογενεῖς
1601 1857 1652 1909 ἐν
1677 1858 1877 1925 σπουδῇ
1903 1853 2048 1922 έχου-

59 1961 99 2004 Ρ
129 1961 186 2005 63
215 1963 294 2010 σι,
343 1943 473 2004 τινὲς
500 1943 555 1995 δὲ
577 1943 661 1994 καὶ
689 1949 796 2002 τοῖς
823 1942 1065 2003 ἐναντίοις
1091 1945 1350 2010 προΐενται
1374 1941 1438 1994 τὰ
1461 1938 1745 2010 ἀπόρρητα.
1814 1938 1929 1993 τότε
1957 1934 2047 1993 οὖν
2061 1959 2118 2002 20
2159 1947 2167 1961 ”

212 2029 267 2081 ἐκ
302 2032 522 2100 Περσῶν
564 2023 888 2088 κατάσκοπός
920 2047 997 2089 τις
1033 2028 1086 2089 ἐς
1131 2024 1415 2095 Ῥωμαίους
1467 2029 1667 2088 σταλεὶς
1722 2027 1774 2089 ἒς
1827 2024 1949 2094 ὄψιν
1993 2047 2047 2079 τε

207 2113 549 2188 Ἰουστινιανῷ
587 2116 792 2178 βασιλεῖ
825 2110 979 2179 ἥκων,
1025 2111 1158 2166 ἄλλα
1195 2133 1250 2166 τε
1288 2111 1457 2165 πολλὰ
1490 2113 1674 2176 ἐξεῖπεν
1699 2112 1752 2166 ἐν
1785 2119 1891 2174 τοῖς
1911 2116 2046 2183 βαρ-

329 2293 401 2337 21.
445 2288 492 2342 ἐς
515 2288 800 2347 Ῥωμαίους]
829 2292 978 2350 „Reg.
1009 2289 1055 2345 ἐς
1079 2289 1329 2349 Ῥωμαίων.
1386 2289 1540 2349 supple
1566 2291 1708 2348 γῆν.“
1737 2289 1887 2335 Mam.
1945 2305 2045 2333 con-

324 2355 398 2392 tra
427 2349 640 2394 Romaeos
668 2350 765 2395 RV.

210 2508 317 2548 haec
355 2505 400 2548 in
439 2506 695 2562 Sophanene
732 2506 842 2556 sita,
882 2505 1015 2548 distat
1054 2504 1203 2548 Amida
1241 2503 1392 2548 stadiis
1419 2518 1545 2548 ccxn.
1589 2504 1645 2548 ad
1683 2504 2042 2562 Septentrionem,

210 2563 426 2618 fluvioque
456 2563 629 2606 alluitur
662 2563 905 2619 Nympffio,
940 2563 1015 2620 qui
1045 2564 1098 2606 ab
1128 2578 1232 2618 agro
1263 2562 1436 2605 Persico
1466 2563 1700 2605 Romanum
1728 2562 1897 2605 dividit.
1955 2564 2046 2619 Igi-

208 2628 280 2663 tur
308 2620 470 2662 Persae
499 2620 554 2662 ad
584 2620 871 2676 oppugnanda
901 2620 1063 2663 moenia
1090 2634 1137 2662 se
1166 2619 1471 2663 adhibuerunt:
1513 2633 1690 2676 quorum
1731 2619 1811 2662 etsi
1839 2619 2042 2676 impetum

208 2677 396 2720 viriliter
424 2676 548 2719 initio
579 2677 853 2733 excipiebant
882 2678 1068 2728 obsessi3
1102 2685 1241 2720 tamen
1274 2684 1474 2719 constans
1503 2683 1599 2719 erat
1628 2676 1772 2732 opinio
1797 2691 1880 2720 non
1910 2679 2042 2720 resti-

206 2741 329 2776 turos
358 2732 444 2776 diu.
504 2734 618 2776 Nam
649 2741 695 2776 et
722 2747 862 2776 murus
891 2735 1035 2776 multis
1063 2735 1108 2776 in
1137 2735 1242 2777 locis
1273 2733 1567 2790 expugnabilis
1608 2734 1652 2776 vi
1700 2741 1830 2791 atque
1858 2735 2040 2791 impres-

205 2790 325 2834 sione
364 2790 591 2833 Persarum
629 2791 758 2834 facile
799 2796 971 2846 poterat
1010 2793 1241 2848 occupari,
1281 2806 1360 2834 neo
1399 2791 1512 2832 iusta
1549 2806 1741 2834 annonae
1769 2793 1919 2849 copia,
1961 2807 2038 2834 nec

205 2847 448 2899 machinae,
501 2862 642 2902 neque
693 2847 806 2890 aliud
846 2849 1070 2904 quidquam
1113 2850 1166 2891 ad
1213 2849 1589 2906 propugnationem
1626 2848 1822 2892 idoneum
1862 2849 2039 2892 inclusis

203 2905 477 2961 suppetebat.
538 2905 676 2946 Sittas
716 2919 768 2947 ac
810 2905 1022 2948 Romanus
1063 2906 1280 2949 exercitus
1319 2910 1461 2949 castra
1501 2906 1701 2948 Attachis
1741 2907 1971 2950 centesimo
2010 2921 2037 2950 a

204 2961 493 3018 Martyropoli
521 2961 662 3004 stadio
691 2962 864 3016 metati,
914 2976 1054 3018 neque
1083 2963 1175 3005 ausi
1204 2963 1410 3006 accedere
1437 2963 1637 3018 propius,
1677 2963 1738 3005 ibi
1768 2976 1816 3006 se
1843 2965 2037 3007 contine-

201 3020 329 3071 bant,
373 3025 417 3061 et
455 3019 667 3073 Byzantio
698 3019 849 3061 missus
886 3019 1040 3062 iterum
1070 3020 1254 3076 Legatus
1283 3021 1573 3076 Hermogenes
1605 3033 1691 3062 una
1724 3020 1888 3064 aderat.
1947 3022 2036 3064 Res

200 3075 366 3121 interea
395 3075 597 3131 contigit,
626 3090 750 3132 quam
778 3076 903 3118 modo
932 3077 1128 3119 referam.

314 3133 539 3175 Persarum
569 3131 690 3175 iuxta
720 3148 770 3175 ac
798 3134 1082 3176 Romanorum
1113 3134 1310 3190 antiquus
1339 3138 1406 3176 est
1434 3131 1508 3174 ille
1534 3145 1644 3185 moS,
1690 3137 1739 3175 ut
1780 3134 1950 3177 alantur
1978 3135 2034 3178 de

202 3188 375 3246 publico
405 3190 726 3246 exploratores,
770 3191 846 3246 qui
875 3191 930 3232 ad
962 3191 1125 3233 hostem
1155 3190 1344 3233 submitti
1373 3191 1530 3240 solent,
1573 3194 1617 3231 et
1646 3194 1872 3246 postquam
1905 3207 2034 3236 accu-

200 3252 297 3289 rate
325 3261 436 3302 quae
464 3247 581 3303 apud
610 3246 725 3289 illum
767 3253 975 3303 geruntur
1018 3247 1308 3304 inspexerint,
1348 3247 1539 3290 Ducibus
1578 3245 1807 3290 indicatum
1845 3249 2033 3292 veniunt.

203 3303 275 3346 Ex
304 3303 370 3346 his
399 3304 519 3347 multi
550 3318 627 3360 pro
658 3319 708 3346 eo
739 3319 788 3347 ac
818 3304 977 3347 debent
1005 3304 1196 3359 impense
1234 3305 1412 3348 student
1441 3303 1607 3360 patriae
1635 3303 1808 3361 suisque
1838 3306 2030 3349 civibus:

205 3361 390 3403 nonnulli
421 3375 563 3404 eorum
594 3375 752 3404 arcana
781 3361 973 3404 hostibus
1004 3361 1199 3404 efferunt.
1258 3361 1363 3404 Tali
1403 3360 1572 3418 quidam
1615 3361 1753 3405 animo
1783 3363 2032 3419 explorator

208 3418 263 3460 ad
296 3418 504 3461 Romanos
545 3420 764 3475 profectus
803 3434 827 3460 e
869 3418 1067 3467 Perside,
1111 3417 1387 3460 Iustinianum
1415 3420 1524 3474 Aug.
1554 3420 1776 3471 convenit,
1816 3427 1861 3462 et
1889 3435 2032 3462 coram

209 3489 301 3518 cum
331 3474 415 3519 alia
443 3475 527 3533 ipsi
556 3476 710 3528 multa,
742 3477 857 3532 quae
879 3475 1126 3518 molirentur
1155 3474 1365 3528 Barbari,
1395 3481 1483 3518 tum
1513 3477 1593 3518 hoc
1624 3475 1749 3519 etiam
1779 3477 2031 3532 enuntiavit,
