2254 3814
332 159 454 221 4¹12
775 217 778 219 Α
1083 159 1416 216 PROCOPII

330 546 399 605 α’.
485 515 576 606 Γ
571 547 738 619 ελίμερ
772 548 854 614 δὲ,
900 548 1003 603 ἐπεὶ
1041 550 1330 613 Βανδίλους
1367 547 1598 612 ἅπαντας
1629 547 1680 610 ἔς
1699 544 1856 600 ταύτὸ
1883 543 2008 600 εἶδεν
2031 546 2158 618 ἅγη-

326 634 622 705 γερμὲνους,
667 636 844 704 ἐπῆγεν
885 636 937 697 ἔς
971 634 1286 706 Καρχηδόνα
1325 636 1384 690 τὸ
1419 633 1730 706 στράτευμα.
1818 629 2075 702 γενόμενοί
2105 655 2159 686 τε

329 720 490 789 αὐτῆς
524 720 740 790 ἄγχιστα
777 716 867 773 τόν
895 741 949 774 τε
978 720 1152 790 ὀχετὸν
1179 720 1483 784 ἀξιοθέατον
1506 720 1630 775 ὄντα
1654 720 1865 784 διεῖλον,
1914 716 1970 779 ὃς
1993 719 2043 779 ἐς
2067 718 2159 786 τὴν

325 803 473 858 πόλιν
516 808 678 874 εῗσῆγε
718 804 778 858 τὸ
815 803 957 876 ὕδωρ
970 847 987 872 ,
1042 808 1127 859 καὶ
1162 804 1350 878 χρόνον
1392 808 1507 861 τινὰ
1552 800 2160 873 ἐνστρατοπεδευσοῖμενοι

147 908 183 949 Ρ
215 908 299 951 236
326 887 689 962 ὗπεχώρησαν,
739 887 808 952 ὡς
842 891 1008 954 οὐδεὶς
1034 893 1207 963 σφίσιν
1236 890 1426 965 ἐπεξῄει
1453 898 1556 946 τῶν
1584 889 1851 956 πολεμίων.
1939 886 2198 958 περιιόν-5

327 996 410 1037 τες
430 977 484 1028 δὲ
502 976 564 1029 τοὶ
589 977 749 1046 ἐκείνῃ
769 977 934 1047 χωρία
956 974 1050 1040 τάς
1072 998 1126 1031 τε
1151 975 1305 1041 5502),-
1329 977 1380 1031 ἔν
1407 982 1610 1049 φυλακῇ
1633 978 1893 1028 ἐποιοῦντο
1915 975 2159 1044 καὶΚαρ-

323 1058 520 1130 χηδόνα
556 1066 842 1131 πολιορκεῖν
877 1059 1040 1134 ταύτῃ
1074 1061 1264 1136 ᾤοντο,
1319 1063 1379 1117 οὗ
1424 1063 1528 1132 μὴν
1573 1060 1689 1115 οὕτε
1727 1060 1978 1128 ἐληίζοντο
2012 1059 2161 1112 οὐδὲν

328 1146 444 1200 οὔτε
481 1146 576 1215 τὴν
611 1151 704 1216 γῆν
743 1144 925 1217 ἐδῄουν
938 1188 954 1212 ,
1003 1148 1121 1201 ἀλλ’
1166 1146 1236 1210 ὥς
1272 1150 1457 1211 οῗκείας
1474 1149 1847 1216 μετεποιοῦντο.
1938 1143 2046 1212 ἅμα
2075 1146 2160 1197 καὶ

325 1233 609 1302 προδοσίαν
646 1231 758 1283 τινὰ
797 1230 1009 1286 ἔσεσθαι
1042 1234 1216 1303 σφίσιν
1252 1233 1304 1285 ἓν
1339 1235 1504 1286 ἐλπίδι
1541 1230 1672 1300 εἶχον
1700 1231 2069 1299 Καρχηδονίων
2106 1250 2161 1282 τε

326 1316 499 1370 αὐτῶν
548 1317 632 1369 καὶ
673 1313 936 1383 Ῥωμαίων
986 1323 1343 1389 στρατιωτῶν,
1393 1316 1532 1380 ὅσοις
1579 1314 1612 1386 ἦ
1662 1320 1754 1370 τοῦ
1801 1314 1993 1383 Ἀρείου
2032 1313 2158 1378 δόξα
2176 1330 2228 1371 10

320 1401 533 1470 ἤσκητο.
622 1400 919 1469 πέμψαντες
958 1404 1014 1456 δὲ
1039 1405 1122 1456 καὶ
1149 1406 1201 1465 ἐς
1225 1410 1327 1457 τῶν
1361 1403 1570 1458 Οὕννων
1596 1402 1719 1462 τοὺς
1745 1400 2026 1469 ἄρχοντας,
2074 1403 2159 1453 καὶ

318 1486 487 1539 πολλὰ
513 1485 725 1539 ἔσεσθαι
751 1487 926 1549 αὐτοῖς
948 1488 1127 1557 ἀγαθὰ
1155 1489 1284 1559 πρὸς
1307 1491 1577 1543 Βανδίλων
1603 1483 1958 1554 ὖποσχόμενοι,
1989 1485 2159 1539 ε’δὲον-

316 1593 376 1624 το
406 1573 588 1643 φίλους
617 1592 670 1624 τε
694 1573 778 1625 καὶ
803 1571 1102 1643 ξυμμάχους
1128 1575 1366 1644 γενέσθαι
1391 1576 1582 1646 σφίσιν.
1669 1573 1717 1626 οἳ
1742 1572 1797 1625 δὲ
1826 1570 1946 1623 οὐδὲ
1973 1569 2159 1640 πρότε-

252 1673 289 1715 Β
321 1678 412 1727 ρον
436 1656 671 1718 εὐνοϊκῶς
697 1657 748 1719 ἒς
773 1657 838 1710 τὰ
856 1655 1118 1727 Ῥωμαίων
1139 1657 1417 1730 πράγματα
1441 1659 1654 1728 ἔχοντες,
1702 1655 1790 1711 ἅτε
1814 1655 1932 1709 οὗδὲ
1953 1653 2158 1724 ξύμμα-

319 1764 402 1811 χοι
429 1741 604 1804 αὗτοΐς
631 1739 850 1796 ἑκούσιοι
876 1742 1081 1813 ἥκοντες
1125 1745 1386 1819 (ἔφασκον
1406 1745 1502 1817 γὰρ
1530 1745 1621 1799 τὸν
1642 1741 1904 1809 Ῥωμαίων
1930 1763 2154 1812 στρατη-
2174 1754 2225 1800 15

321 1828 409 1898 γὸν
446 1828 651 1898 Πέτρον
682 1826 989 1897 ὄμωμοκότα
1028 1852 1082 1884 τε
1119 1833 1201 1884 καὶ
1237 1831 1302 1885 τοὶ
1341 1829 1683 1900 ὄμωμοσμὲνα
1711 1824 1992 1897 ἠλογηκότα
2022 1826 2158 1881 οὕτω

322 1913 386 1980 δὴ
418 1918 556 1983 σφᾶς
579 1912 856 1983 ἀπαγαγεῖν
881 1916 931 1977 ἒς
956 1913 1273 1988 Βυζάντιον)
1310 1915 1492 1987 λόγους
1532 1938 1587 1970 τε
1624 1921 1727 1968 τῶν
1751 1915 2021 1966 Βανδίλων
2054 1914 2158 1966 ἔνε-

321 1998 528 2066 δέχοντο
556 2000 640 2050 καὶ
667 1995 961 2068 ὡμολόγουν
973 2041 990 2066 ,
1027 2001 1227 2055 ἐπειδὰν
1261 2003 1314 2055 ἓν
1342 2001 1482 2076 αὐτῷ
1509 2007 1581 2075 τῷ
1605 2000 1732 2073 ἔργῳ
1759 1998 1998 2067 σ”ἕνωνται
2013 2039 2028 2063 ,
2068 1997 2157 2061 ’ξὺν

319 2083 499 2144 αὐτοῖς
524 2085 602 2135 ἐπὶ
628 2082 686 2136 τὸ
707 2081 968 2152 Ῥωμαίων
990 2084 1284 2157 στράτευμα
1309 2087 1617 2158 τρέψεσθαι.
1682 2089 1846 2139 ταῦτα
1870 2085 1925 2136 δὲ
1953 2081 2155 2136 ἅπαντα

319 2165 624 2238 Βελισάριος
664 2169 717 2222 ἒν
754 2167 957 2244 ὑποψία
992 2171 1118 2239 ἴχων
1161 2170 1395 2245 (ἠκηκόει
1419 2173 1516 2243 γὰρ
1542 2170 1671 2243 πρὸς
1697 2175 1800 2224 τῶν
1833 2167 2152 2235 αὐτομόλων,
2167 2182 2224 2225 20

318 2252 427 2322 ἅμα
453 2254 507 2306 δὲ
536 2255 619 2306 καὶ
646 2251 671 2307 ὅ
700 2256 968 2325 περίβολος
992 2255 1133 2311 οἷῖπω
1159 2258 1441 2313 ἐτετέλεστο
1470 2255 1642 2327 ἅπας)
1687 2254 1888 2323 ἓξιτητὰ
1915 2255 2008 2322 μὲν
2033 2255 2155 2324 σφί-

316 2360 398 2392 σιν
422 2337 499 2392 ὶπὶ
527 2338 648 2400 τοὺς
669 2342 941 2410 πολεμίους
964 2342 1016 2396 ἐν
1039 2349 1113 2418 τῷ
1136 2341 1350 2416 παρόντι
1375 2343 1468 2399 οὐκ
1490 2342 1615 2419 ᾤετο
1645 2339 1770 2396 εἶναι
1781 2381 1798 2408 ,
1837 2339 1902 2394 τὰ
1929 2341 1985 2393 δὲ
2010 2338 2154 2393 ἔνδο-

433 2510 473 2553 1.
504 2499 866 2564 ἅγηγερμένους]
896 2504 1221 2566 ἐγηγερμένους
1244 2506 1298 2550 P.
1412 2509 1456 2555 5.
1489 2501 1580 2564 ὥς]
1611 2501 1685 2553 ὅτι
1711 2506 1804 2551 Pm.

317 2663 360 2705 1.
431 2619 562 2708 Ubi
591 2666 784 2712 Gelimer
826 2667 1040 2713 Vandalos
1078 2668 1124 2712 in
1152 2682 1280 2712 unum
1319 2681 1462 2712 omnes
1490 2668 1630 2713 coisse
1667 2667 1801 2723 vidit,
1844 2666 2152 2725 Carthaginem

312 2731 447 2789 petiit
474 2744 569 2774 cum
599 2731 804 2775 exercitu.
860 2730 1058 2774 Proxime
1084 2731 1249 2784 urbem,
1279 2730 1370 2775 eius
1394 2731 1720 2789 aquaeductum,
1747 2731 2021 2787 spectandum
2050 2744 2154 2772 sane

313 2803 445 2846 opus,
491 2787 827 2840 interciderunt,
870 2794 915 2831 et
943 2789 987 2830 in
1017 2788 1171 2831 castris
1199 2788 1445 2847 aliquandiu
1474 2788 1652 2843 morati,
1697 2802 1791 2831 cum
1820 2787 2002 2830 hostium
2030 2802 2150 2830 nemo

307 2851 578 2903 erumperet,
607 2859 841 2888 recessere.
902 2846 1013 2889 'rum
1042 2845 1122 2888 hac
1151 2845 1249 2889 illac
1279 2846 1434 2899 divisi,
1478 2846 1732 2890 insederunt
1758 2844 1941 2897 itinera,
1969 2844 2077 2887 satis
2105 2843 2151 2886 id

309 2917 407 2947 esse
438 2903 522 2945 rati
553 2901 606 2944 ad
638 2903 899 2946 obsidionem
930 2902 1226 2960 Carthaginis.
1284 2903 1507 2960 Nusquam
1537 2905 1657 2948 facta
1686 2903 1864 2961 praeda,
1908 2916 1988 2944 nec
2017 2902 2151 2944 vasti-

307 2969 376 3002 tas
406 2959 527 3002 illata
556 2958 697 3013 agris:
729 2960 831 3016 quin
859 2959 946 3002 illis
975 2960 1132 3017 potius,
1162 2966 1212 3002 ut
1238 2960 1341 3013 suis,
1371 2975 1513 3004 curam
1543 2975 1704 3004 omnem
1733 2958 1993 3002 tribuebant.
2052 2960 2150 3002 Nec

306 3030 408 3074 spes
437 3017 588 3060 deerat
616 3016 889 3072 proditionis,
932 3031 1015 3059 non
1047 3018 1101 3060 ab
1130 3018 1238 3074 ipsis
1267 3018 1389 3061 modo
1419 3015 1864 3073 carthaginiensibus,
1898 3015 1973 3057 sed
2005 3029 2029 3057 a
2061 3016 2150 3058 Ro-

306 3073 439 3117 manis
482 3073 610 3116 etiam
662 3073 864 3116 militibus
910 3074 1080 3116 Arianis
1131 3074 1393 3120 conflandae.
1473 3077 1721 3119 Hunnorum
1758 3087 1931 3130 quoque
1970 3071 2148 3115 ducibus

306 3131 438 3175 multa
466 3128 671 3188 polliciti,
724 3130 778 3173 ad
809 3129 1035 3174 amicitiam
1065 3145 1207 3174 secum
1238 3139 1284 3174 et
1310 3132 1559 3175 societatem
1597 3131 1852 3185 iungendam
1884 3143 1957 3172 eos
1990 3129 2148 3171 invita-

307 3191 473 3230 verant.
530 3186 592 3230 Hi
634 3200 736 3230 vero
766 3187 970 3239 Barbari,
1023 3188 1106 3230 iam
1137 3195 1237 3231 ante
1273 3189 1318 3230 in
1348 3203 1434 3231 rem
1464 3189 1697 3232 Romanam
1738 3202 1884 3244 parum
1928 3186 2145 3243 propensi,

309 3245 536 3288 militarem
567 3257 737 3298 operam
779 3244 1113 3298 gravate'nobis
1142 3246 1384 3299 navabant,
1432 3259 1524 3288 cum
1553 3244 1769 3296 dicerent,
1816 3257 1864 3287 se
1894 3243 2147 3299 Byzantium

311 3308 551 3359 pertractos
591 3300 723 3343 fuisse
750 3300 872 3342 Petri
914 3300 1036 3342 ducis
1072 3301 1372 3353 iureiurando,
1426 3301 1543 3358 quod
1583 3301 1679 3358 ipse
1717 3307 1870 3359 postea.
1906 3301 2147 3343 fefellisset.

311 3361 596 3411 Quamobrem
625 3357 909 3400 Vandalorum
937 3357 1166 3414 postulatis
1195 3359 1382 3413 assensi,
1410 3374 1481 3411 se,
1522 3358 1694 3415 incepto
1722 3358 1913 3415 praelio,
1957 3372 2072 3401 arma
2100 3357 2145 3399 in

311 3418 430 3460 Rom.
459 3416 590 3459 aciem
620 3427 825 3457 versuros
853 3415 1148 3470 promiserant.
1207 3415 1355 3466 Haec,
1393 3430 1420 3459 a
1447 3417 1685 3472 transfugis
1711 3417 1926 3467 indicata,
1955 3421 2147 3457 metuens

312 3473 559 3526 Belisarius,
586 3471 760 3517 necdum
790 3471 920 3515 muris
947 3472 1074 3529 plane
1102 3472 1366 3528 instauratis,
1402 3474 1664 3531 eruptionem
1693 3472 1737 3516 in
1767 3474 1913 3517 hostes
1940 3472 2146 3515 differen-
