2184 3822
268 260 348 318 84
1012 251 1346 307 PROCOPII

268 401 302 472 ἢ
344 402 405 470 δὴ
442 397 664 469 Κόμανα
702 398 784 450 καὶ
821 395 871 457 ἒς
896 394 982 456 ε’μὲ
1005 390 1321 462 ὀνομάζεται.
1405 387 1603 445 τούτων
1630 410 1683 443 τε
1705 387 1919 458 Ὀρέστῃ
1942 382 2096 455 ἐξείρ-

270 487 533 558 γασμένων
580 482 727 536 οὐδέν
760 501 809 533 τι
847 473 1036 548 ἧσσον,
1085 482 1128 532 εἷ
1160 478 1232 547 μὴ
1263 479 1346 531 καὶ
1366 482 1590 545 μᾶλλον,
1638 474 1731 542 τὴν
1753 470 1903 526 νόσον
1931 469 2098 539 ἀκμά-

275 576 388 638 ζειν.
477 565 788 634 αἲσθόμενον
816 565 870 616 δὲ
891 561 982 618 τὸν
1004 564 1280 634 ἄνθρωπον
1306 561 1374 624 ὥς
1399 561 1491 616 οὔκ
1523 559 1814 629 ἐπιτηδείως
1838 563 1999 610 ταῦτα
2024 560 2097 627 τῷ

273 655 492 725 μαντείῳ
525 653 722 719 ποιοίη,
771 647 975 704 ἅπαντα
1020 644 1175 711 αὖθις
1209 646 1464 718 περιιόντα
1497 650 1803 700 σκοπεῖσθαι
1830 644 1911 694 καὶ
1930 639 2102 710 χῶρόν

274 762 387 794 τινα
422 739 474 790 ἐν
514 732 889 798 Καππαδόκαις
923 732 1080 802 εὗρεῖν
1105 740 1177 806 τῷ
1206 736 1256 786 ἐν
1288 730 1514 802 Ταύροις
1549 731 1612 784 τὰ
1639 728 1863 798 μάλιστα
1889 725 2142 796 ἐμφερέ-ς,

275 844 480 878 στατον.
572 820 722 891 ὅνπερ
772 822 855 873 καὶ
901 817 996 889 ἐγὼ
1031 816 1273 880 πολλάκις
1315 817 1438 871 ῗδών
1469 813 1708 885 ἠγάσθην
1746 835 1800 865 τε
1832 811 2107 881 ὑπερφυῶς

276 911 365 962 καί
382 929 470 976 μοι
503 904 711 960 ἐδόκουν
735 907 787 958 ἓν
815 903 1040 974 Ταύροις
1067 902 1206 960 εἶναι.
1289 900 1348 955 τό
1375 924 1428 955 τε
1453 902 1550 970 γὰρ
1582 899 1701 969 ὅρος
1727 903 1879 950 τοῦτο
1905 897 2071 967 ἐκείνῳ
2091 912 2102 923 ·

277 993 498 1060 ἀτεχνῶς
534 991 715 1056 ἔόικεν,
761 991 864 1043 ἐπεὶ
900 990 1172 1043 κάνταῦθα
1208 985 1234 1041 ὃ
1271 984 1478 1057 Ταῧρός
1514 987 1646 1049 ἔστι,
1702 985 1786 1036 καὶ
1822 981 1847 1035 ὃ
1878 980 2109 1047 ποταμὸς

123 1083 167 1125 Η
195 1081 253 1127 27
283 1076 455 1149 Σάρος
490 1082 564 1150 τῷ
591 1073 841 1146 Εὐφράτῃ
877 1072 1134 1140 εῗκάζεται.
1232 1070 1374 1127 πόλιν
1410 1093 1463 1125 τε
1498 1065 1587 1124 οὖν
1632 1067 1934 1131 ἀξιοθέατον
1977 1065 2108 1139 ᾠκο-

280 1161 544 1232 δομήσατο
594 1162 823 1214 ἐνταῦθα
865 1159 1107 1231 Ὀρέστης
1153 1160 1236 1211 καὶ
1284 1157 1408 1218 νειὸς
1451 1154 1572 1221 δύο,
1642 1154 1732 1207 τὸν
1789 1153 1958 1224 ἕτερον
2018 1151 2147 1218 μὲνι

280 1254 342 1319 τῇ
386 1246 668 1318 Ἀρτέμιδι,
737 1245 826 1298 τὸν
876 1239 948 1297 δὲ.
977 1244 1134 1297 ἄλλον
1155 1254 1164 1259 ”
1188 1248 1252 1314 τῇ
1306 1238 1502 1313 ἀδελφῇ
1544 1240 1831 1312 Ἰφιγενείᾳ,
1903 1235 1992 1297 οὓς
2045 1235 2110 1302 δὴ

134 1340 171 1382 Ρ
199 1337 255 1384 49
284 1330 588 1401 Χριστιανοὶ
624 1328 731 1400 ἱερὰ
775 1330 919 1400 σφίσι
960 1326 1254 1397 πεποίηνται
1271 1369 1286 1394 ,
1334 1333 1428 1397 τῆς
1460 1326 1750 1402 οἰκοδομίας
1784 1323 1843 1375 τὸ
1869 1318 2113 1390 παράπαν

283 1418 433 1473 οὐδὲν
472 1411 864 1483 μεταβαλόντες.
953 1413 1084 1482 αὕτη
1126 1418 1349 1466 καλεῖται
1383 1413 1467 1464 καὶ
1499 1415 1588 1464 νῦν
1622 1407 1654 1477 ἦ
1677 1413 1848 1478 χρυσῆ
1875 1405 2112 1474 Κόμανα,

281 1507 377 1571 τῆς
396 1500 639 1570 Ὀρέστου
674 1496 836 1567 κόμης
862 1495 1128 1565 ἐπώνυμος
1153 1492 1282 1550 οὖσα
1294 1537 1311 1563 ,
1356 1495 1419 1564 ἢν
1444 1495 1508 1564 δὴ
1534 1496 1717 1547 ἐκεῖνον
1753 1489 1984 1545 ἐνταῦθά
2010 1512 2114 1562 φα-

284 1609 365 1641 σιν
400 1581 795 1655 ἀποκειράμενον
830 1585 1093 1654 διαφυγεῖν
1132 1582 1190 1636 τὸ
1219 1578 1554 1651 ἀρρώστημα.
1641 1578 1772 1640 τινὲς
1803 1579 1858 1630 δὲ
1888 1576 2152 1646 λέγουσινι

284 1671 442 1725 αὐτὸν
485 1668 776 1737 οὗκῖλλλην
810 1669 923 1722 τινὰ
956 1666 1110 1722 νόσον
1161 1665 1194 1736 ἢ
1230 1667 1324 1735 τὴν
1361 1667 1551 1735 μανίαν
1581 1661 1774 1732 ταύτην
1817 1662 2113 1733 ἀποφυγεῖν,

283 1755 414 1825 ἤπερ
449 1754 607 1808 αὐτὸν
633 1753 804 1822 ἴσχεν,
843 1753 1010 1822 ἐπειδὴ
1034 1753 1126 1820 τὴν
1152 1752 1350 1823 μητέρα
1380 1750 1474 1821 τὴν
1501 1748 1686 1804 ἑαυτοῦ
1716 1747 1939 1802 ἔκτεινεν.
2023 1746 2118 1816 ἐγώ

287 1843 342 1894 δὲ
368 1842 447 1893 ἐπὶ
475 1839 565 1892 τὸν
589 1836 835 1909 πρότερον
858 1835 1007 1907 λόγον
1034 1835 1274 1905 ἐπάνειμι.
1331 1835 1336 1840 ’
1511 1835 1514 1839 ’

445 1923 538 1976 ’Ἐκ
564 1945 617 1976 τε
643 1923 740 1993 γὰρ
777 1928 879 1976 τῶν
907 1925 959 1976 εἶν
1000 1919 1225 1992 Ταύροις
1249 1920 1520 1990 Ἀρμενίων
1547 1921 1631 1972 καὶ
1655 1915 1831 1989 χώρας
1853 1922 1944 1984 τῆς
1979 1915 2120 1969 Ἐκε-
2159 1945 2164 1954 ·

286 2014 501 2078 λεσηνῆς
538 2007 770 2076 ποταμὸς
802 2004 1082 2078 Εὐφράτης
1121 2009 1174 2061 ἓν
1210 2009 1347 2080 δεξιᾷ
1385 2006 1513 2077 ῥέων
1550 2009 1642 2075 γῆν
1675 2025 1730 2056 τε
1764 2001 1956 2069 πολλὴν
1978 2008 2145 2070 περιέ

286 2089 530 2161 βάλλεται
553 2095 636 2146 καὶ
658 2098 905 2160 ποταμῶν
928 2093 975 2145 οἱ
1001 2091 1168 2145 ἄλλων
1196 2113 1249 2144 τε
1277 2089 1688 2160 ἀναμιγνυμένων
1714 2089 1796 2141 καὶ
1821 2086 1980 2139 αὐτοῦ
2003 2086 2123 2157 Ἀρ-

226 2181 263 2225 Β
294 2181 465 2245 σίνου,
512 2176 568 2239 ὃς
602 2176 667 2245 δὴ
694 2178 747 2229 ἐκ
781 2182 883 2231 τῶν
909 2179 1310 2249 Περσαρμενίων
1348 2175 1672 2244 καλουμένων
1713 2173 1873 2235 πολὺς
1897 2171 2119 2243 φέρεται,

404 2328 445 2370 1.
474 2320 680 2382 Ὀρέστῃ]
709 2325 958 2381 Legebatur
985 2322 1214 2382 Ὀρέστην.
1298 2327 1341 2369 9.
1372 2321 1622 2382 Εὐφράτῃ]
1649 2319 1804 2379 ταύρῳ
1834 2319 2040 2378 εὖφροὶτῃ
2069 2322 2122 2364 Α.

403 2384 477 2482 ἐξ.
510 2382 893 2498 ἐέἒέῗτένῆέἐῒδ.
910 2383 1199 2440 Ακιλισηνῆς,
1240 2386 1292 2425 ut
1319 2383 1436 2440 apud
1463 2383 1751 2426 Ptolemaeum
1780 2385 1825 2424 et
1852 2380 2122 2434 Strabonem,

292 2567 507 2611 Comanae
543 2566 676 2617 fecit,
716 2566 831 2623 quod
874 2567 972 2611 urbi
1012 2567 1094 2611 hac
1134 2566 1264 2612 etiam
1303 2564 1447 2610 aetate
1481 2567 1639 2608 manet.
1695 2564 1780 2607 His
1808 2579 1912 2609 vero
1942 2563 2126 2616 exactis,

292 2638 388 2667 cum
426 2623 597 2666 morbus
638 2623 745 2666 adeo
784 2637 868 2666 non
907 2625 1170 2677 remitteret,
1207 2631 1258 2668 ut
1296 2624 1619 2680 ingravesceret
1662 2623 1834 2678 potius;
1882 2621 2125 2677 intelligens

294 2681 478 2723 Orestes
506 2679 687 2722 nondum
713 2693 761 2722 se
789 2681 977 2726 Oraculo
1008 2682 1288 2734 satisfecisse,
1348 2686 1462 2723 artes
1483 2679 1578 2722 illas
1597 2678 1733 2722 denuo
1753 2679 1950 2722 lustravit
1967 2691 2126 2730 omneS,

295 2741 342 2779 et
379 2735 690 2780 consideravit:
729 2737 900 2780 tandem
942 2739 987 2780 in
1016 2739 1294 2796 Cappadocia
1317 2696 1453 2780 focum
1483 2736 1610 2792 plane
1637 2735 1843 2792 geminum
1873 2751 1922 2779 ac
1950 2735 2126 2778 similem

296 2792 364 2843 ei,
401 2806 525 2848 quem
566 2792 739 2835 viderat
778 2795 890 2849 apud
929 2797 1126 2849 Tauros,
1166 2795 1344 2841 invenit.
1402 2793 1527 2836 Hunc
1566 2807 1648 2849 ego
1677 2806 1807 2850 saepe
1837 2793 2126 2850 contemplans

297 2849 465 2900 oculis,
507 2849 779 2892 vehementer
807 2851 983 2895 miratus
1012 2867 1126 2905 sum3
1170 2853 1234 2896 sic
1261 2858 1310 2895 ut
1336 2849 1440 2894 mihi
1468 2863 1550 2892 non
1580 2852 1729 2894 abesse
1758 2865 1784 2893 a
1812 2850 1975 2894 Tauris
2003 2849 2127 2892 vide-

296 2920 382 2950 rer.
440 2906 552 2948 Nam
582 2911 626 2948 et
652 2913 854 2959 montem,
883 2909 954 2964 qui
978 2916 1045 2951 est
1073 2911 1186 2967 apud
1213 2909 1334 2960 illos,
1366 2907 1490 2951 huius
1518 2906 1600 2949 loci
1627 2921 1769 2958 mons,
1799 2922 1894 2950 cum
1923 2907 1992 2949 hic
2021 2920 2127 2962 quo-

297 2976 382 3017 que
419 2963 592 3005 Taurus
630 2963 715 3017 sit,
757 2972 1085 3020 repraesentat,
1123 2973 1167 3009 et
1194 2965 1377 3022 speciem
1406 2963 1644 3019 Euphratis
1673 2965 1846 3007 exbibet
1875 2966 2012 3007 Sarus
2039 2963 2126 3006 flu-

295 3019 408 3061 vius.
464 3019 605 3074 Igitur
634 3019 814 3063 Orestes
843 3023 986 3064 urbem
1016 3022 1086 3066 hic
1113 3022 1360 3066 aedificavit
1387 3025 1585 3077 spectatu
1607 3020 1803 3077 dignam,
1832 3035 1884 3063 ac
1903 3021 1986 3063 duo
2008 3021 2125 3072 fana,

300 3075 468 3118 Dianae
495 3077 697 3128 alterum,
725 3078 905 3120 alterum
933 3079 1182 3135 Iphigeniae
1210 3078 1388 3123 sororia·
1410 3092 1464 3119 ea
1491 3078 1574 3119 iam
1603 3078 1761 3134 templa
1788 3083 1888 3120 sunt
1915 3077 2126 3120 Christia-

302 3146 479 3181 norum,
515 3133 588 3188 qui
614 3140 838 3190 utrumque
866 3134 1197 3190 inaugumrunt,
1228 3135 1332 3179 nihil
1359 3138 1524 3177 mutata
1550 3138 1779 3176 structura.
1836 3135 1954 3177 Urbs
1983 3140 2125 3176 autem

302 3187 432 3231 etiam
459 3189 588 3232 hodie
616 3197 797 3233 vocatur
825 3193 968 3242 Aurea
995 3192 1210 3245 Comana,
1254 3206 1346 3236 eam
1374 3196 1499 3234 nacta
1526 3191 1896 3234 nomenclationem
1927 3192 1980 3234 ab
2011 3191 2125 3233 Ore-

303 3244 382 3287 stis
424 3258 564 3297 coma,
608 3260 693 3302 qua
730 3252 858 3290 tonsa
894 3249 1030 3304 ipsum
1069 3249 1336 3293 convaluisse
1362 3249 1477 3291 fama
1503 3252 1586 3290 est.
1645 3248 1783 3290 Porro
1813 3248 1983 3304 quidam
2011 3261 2125 3290 mor-

304 3301 423 3352 bum,
456 3316 510 3343 ex
540 3316 626 3358 quo
656 3304 820 3356 evasit,
852 3312 1011 3347 meram'
1035 3306 1167 3348 fuisse
1193 3305 1397 3349 insaniam
1426 3303 1678 3360 perhibent,
1719 3319 1832 3362 quae
1860 3306 1974 3348 illum
2002 3304 2141 3348 inva-.

303 3363 422 3402 serat
451 3363 548 3413 post
575 3360 874 3404 matricidium.
930 3361 1060 3405 Nunc
1091 3363 1148 3405 ad
1177 3362 1438 3420 propositum
1466 3360 1612 3404 redeo.

418 3417 490 3472 Ab*
526 3430 578 3459 ea
619 3422 745 3472 parte
784 3418 1029 3471 Armeniae,
1074 3433 1200 3474 quam
1240 3420 1398 3462 habent
1436 3417 1602 3470 Tauri,
1645 3420 1691 3461 et
1729 3418 1940 3461 Acilisene
1978 3417 2124 3461 labens

304 3470 460 3514 dextra
498 3472 743 3528 Euphrates
782 3489 973 3530 magnam
1012 3476 1224 3532 regionem
1264 3474 1558 3532 amplectitur,
1602 3478 1649 3518 et
1686 3489 1782 3518 cum
1823 3475 1928 3518 alios
1967 3486 2124 3526 amnes,

304 3535 393 3571 tum
432 3528 624 3574 Arsinem
666 3546 691 3575 e
722 3532 1018 3577 Persarmenia
1056 3533 1229 3590 copioso
1258 3533 1380 3577 alveo
1411 3532 1700 3576 decurrentem
1729 3532 1906 3591 accipit:
1946 3531 2123 3589 proinde
