2184 3822
272 232 351 288 32
580 289 588 294 ,
1026 224 1359 279 PROCOPII

275 370 338 437 δὴ
363 368 423 423 οὗ
450 366 651 424 πώποτε
674 367 877 437 Πέρσαι
897 363 1143 437 πρότερον
1159 407 1176 431 ,
1221 363 1319 420 ὅσα
1356 386 1409 436 γε
1450 363 1588 434 ἡμᾶς
1622 362 1804 416 εἰδέναι
1818 405 1834 429 ,
1879 360 1955 416 ἰπὶ
1972 361 2096 417 Ῥω·-

277 456 461 524 μαίους
503 451 859 524 ἐστράτευσαν.
950 450 1070 505 ὅτου
1113 453 1168 504 δὲ
1202 450 1341 505 ἕνεκα
1379 449 1760 518 Μεσοποταμία
1795 469 1849 502 τε
1885 446 1917 516 ἦ
1951 445 2098 517 χώρα

275 537 470 608 ἐκλήθη
507 541 591 592 καὶ
626 539 673 591 οἳ
696 538 898 609 Πέρσαι
919 542 1012 606 τῆς
1038 537 1090 599 εἷς
1117 533 1308 605 ταύτην
1334 533 1523 608 ε’φόδου
1560 534 1839 603 ἀπέσχοντο
1862 535 1989 604 ε’ρῶν
2013 532 2096 603 ἕρ-

269 646 445 694 χομαι.

209 722 247 764 C
433 707 590 775 ’Όρος
630 705 689 759 οὗ
727 707 840 758 λιάν
870 702 1130 773 ἀπότομον
1166 706 1217 759 εἶν
1237 705 1512 773 Ἀρμενίοις
1538 705 1671 770 ἐστὶ,
1720 697 2141 759 Θεοδοσιουπό-5

277 799 402 853 λεως
427 793 520 859 μὲν
548 788 640 844 δύο
670 794 752 844 καὶ
779 788 1159 861 τεσσαράκοντα
1194 791 1357 858 διέχον
1387 791 1644 854 σταδίοις,
1681 788 2022 856 τετραμμένον
2047 787 2102 838 δὲ

274 877 435 945 αὐτῆς
458 876 586 946 πρὸς
612 882 807 946 βορρᾶν
829 875 1029 944 ἄνεμον.
1118 878 1202 928 καὶ
1235 878 1388 943 πηγαὶ
1426 872 1516 927 δύο
1548 874 1750 926 ἐνθένδε.
1777 875 1961 936 ἐξίασι,
2006 893 2102 924 πο-

273 962 470 1027 ταμοῦς
507 958 600 1014 δύο
634 967 872 1014 ποιοῦσαι
910 961 1124 1025 αὐτίκα,
1173 958 1454 1031 Εὐφράτην
1492 960 1584 1026 μὲν
1617 956 1646 1026 ἡ
1688 960 1740 1011 ἓν
1775 960 1939 1030 δεξιᾷ,
1985 954 2015 1023 ἢ
2048 956 2102 1007 δὲ

273 1048 336 1115 δὴ
376 1044 524 1117 ἑτέρα
569 1047 745 1117 Τίγριν
789 1045 968 1114 ὄνομα.
1055 1043 1258 1099 τούτοιν
1294 1043 1473 1114 ἅτερος
1507 1045 1628 1111 μὲν,
1676 1041 1702 1096 ὃ
1739 1045 1937 1113 Τίγρις,
1987 1040 2102 1093 οὕτε

274 1129 528 1202 περιόδοις
553 1133 653 1183 τισὶ
683 1128 944 1200 χριόμενος
968 1130 1083 1184 οὔτε
1109 1128 1315 1183 ὑδάτων
1341 1129 1417 1183 ὅτι
1441 1129 1512 1198 μὴ
1537 1129 1715 1198 ὀλίγων
1742 1128 1790 1181 οἳ
1827 1125 2103 1194 ἐπιγινομέ-
2118 1142 2139 1183 1

275 1238 408 1282 νων,
454 1215 583 1269 εὐθὺ
609 1215 819 1284 Ἀμίδης
845 1214 1038 1277 πόλεως
1062 1213 1267 1269 κάτεισι.
1357 1217 1440 1268 καὶ
1469 1214 1627 1282 αὐτῆς
1649 1215 1706 1301 ,ε’,ς
1731 1213 1796 1266 τὰ
1822 1212 1949 1282 πρὸς
1975 1217 2104 1280 βορ-

277 1308 374 1369 ρᾶν
398 1299 584 1368 ἄνεμον
606 1300 797 1370 προϊών
815 1310 975 1371 χωρεῖ
993 1303 1043 1362 ἔς
1065 1306 1169 1354 τῶν
1188 1300 1470 1370 Ἀσσυρίων
1497 1300 1588 1368 τὴν
1608 1296 1801 1367 χώραν.
1889 1295 1915 1351 ὁ
1952 1298 2007 1350 δὲ
2039 1295 2103 1365 δὴ

273 1383 557 1456 Εὐφράτης
582 1386 787 1455 φέρεται
810 1387 901 1453 μὲν
924 1385 1044 1438 κατ’
1073 1385 1233 1454 ἀρχὰς
1256 1386 1340 1437 ἐπί
1366 1407 1476 1439 τινα
1496 1390 1668 1455 χῶρον
1704 1384 1900 1453 ὀλίγον,
1947 1381 2106 1443 εὐθὺς

275 1473 330 1523 δὲ
368 1470 560 1539 προϊών
599 1470 920 1540 ἀφανίζεται,
969 1469 1062 1537 οὐχ
1099 1467 1332 1540 ὗπόγειος
1363 1470 1534 1537 μέντοι
1558 1467 1845 1538 γινόμενος,
1893 1465 2024 1521 ἀλλά
2056 1467 2110 1520 τί

121 1567 158 1608 Ρ
188 1563 245 1608 48
276 1556 325 1608 οἲ
365 1558 644 1621 ξυμβαῖνον
677 1553 976 1622 θαυμάσιον
1016 1552 1139 1608 οἷον.
1227 1552 1355 1625 ὗπέρ
1383 1555 1480 1625 γὰρ
1506 1561 1598 1608 τοῦ
1622 1553 1812 1616 ἴδω-ος
1839 1554 1998 1619 τέλμα
2024 1554 2102 1606 ἐπὶ
2120 1571 2142 1614 1

273 1645 508 1692 πλεῖστον
534 1639 682 1706 βαθὺ
705 1640 922 1709 γίνεται,
952 1645 1115 1709 μῆκος
1134 1641 1226 1708 μὲν
1253 1637 1375 1693 ὅσον
1398 1640 1477 1693 ἐπὶ
1504 1641 1747 1702 σταδίους
1771 1637 2100 1707 πεντήκοντα,

277 1720 424 1793 εὖρος
447 1726 502 1778 δὲ
531 1724 700 1778 εἴκοσι.
763 1728 847 1778 καὶ
878 1723 1122 1793 καλάμων
1148 1722 1330 1796 φύεται
1357 1722 1488 1779 πολύ
1513 1747 1560 1779 τι
1579 1732 1757 1795 χρῆμα
1785 1726 1836 1777 ἒν
1861 1730 1934 1798 τῷ
1961 1728 2105 1796 πηλῷ

276 1806 462 1882 τούτῳ.
551 1810 601 1871 ἐς
638 1807 793 1863 τόσον
834 1812 889 1863 δὲ
927 1808 1146 1879 σκληρός
1179 1830 1256 1872 τις
1294 1808 1320 1863 ὅ
1357 1815 1486 1879 χοῦς
1524 1807 1754 1864 ἐνταῦθά
1795 1811 1930 1863 ἐστιν
1977 1809 2105 1863 ὥστε

274 1903 383 1956 τοῖς
410 1892 797 1963 ἐντυγχάνουσιν
822 1895 969 1948 οὐδὲν
993 1895 1118 1948 ἄλλο
1144 1897 1305 1948 δοκεῖν
1331 1893 1361 1963 ἢ
1387 1894 1593 1965 ἤπειρον
1618 1894 1758 1950 εἶναι.
1849 1895 1932 1947 ἐπ’
1966 1895 2105 1967 αὐτῷ

274 1981 448 2032 τοίνυν
472 1981 733 2046 ξυμβαίνει
757 1979 903 2033 οὐδὲν
925 1978 1157 2041 δεδιότας
1183 1977 1361 2044 πεζούς
1387 2002 1441 2034 τε
1463 1983 1546 2034 καὶ
1568 1982 1750 2043 ἱππέας
1775 1978 2102 2051 πορεύεσθαι.
2118 1996 2144 2040 2

278 2066 363 2116 καὶ
411 2064 516 2131 μὴν
571 2066 654 2116 καὶ
709 2063 901 2132 ἅμαξαι
946 2067 1189 2136 παρίασιν
1229 2065 1432 2119 ἐνθένδε,
1477 2069 1660 2119 πολλαὶ
1694 2064 1858 2140 ἡμέρᾳ
1900 2063 2105 2137 ἑκάστῃ,

279 2148 398 2201 ἀλλ’
433 2148 579 2202 οὐδὲν
602 2148 660 2202 τὸ
691 2147 936 2220 παράπαν
961 2147 1192 2218 ἲσχύουσι
1214 2158 1363 2203 κινεῖν
1388 2171 1436 2204 τι
1463 2150 1494 2219 ἢ
1517 2152 1778 2221 ἐξελέγχειν
1798 2157 1894 2212 ,τοῦ
1919 2153 2107 2219 τέλμα-

274 2254 379 2295 τος.
466 2235 666 2286 καίουσι
691 2237 747 2288 δὲ
766 2235 887 2297 τοὺς
910 2233 1171 2303 καλάμους
1196 2236 1245 2289 οἳ
1270 2234 1524 2308 ἐπιχώριοι
1555 2236 1655 2291 ἀνὰ
1693 2242 1795 2290 πᾶν
1830 2237 1969 2303 ἔτος,
2013 2242 2105 2290 τοῦ

388 2398 446 2464 9‘.
469 2398 626 2497 ΤίγΙριν
653 2421 711 2429 -
747 2400 931 2457 Τίγρις]
962 2400 1120 2459 τίγρην
1145 2424 1204 2433 -
1231 2399 1389 2460 τίγρης
1419 2402 1471 2448 Α.
1585 2405 1659 2449 22.
1686 2399 1957 2459 ἐξελέγχειν]
1989 2399 2108 2457 ἐξελ-

387 2469 516 2499 κυειν
583 2469 637 2499 m.

274 2593 481 2638 Persicae
527 2594 679 2651 copiae
729 2597 943 2641 Romanos
991 2599 1252 2644 invaserant.
1310 2601 1406 2657 Ego
1449 2614 1555 2643 vero
1598 2603 1643 2643 et
1680 2601 1883 2658 originem
1928 2601 2106 2645 nominis

275 2651 640 2708 Mesopotamiae,
682 2658 728 2695 et
758 2668 925 2697 causam
964 2671 1039 2700 cur
1067 2657 1112 2700 in
1140 2673 1232 2702 eam
1262 2659 1480 2715 regionem
1507 2671 1556 2701 se
1585 2658 1744 2702 eiicere
1774 2660 1934 2703 Persae
1960 2660 2106 2703 nolue-

267 2708 394 2760 rint,
422 2708 504 2750 iam
533 2709 761 2764 aggredior
789 2711 1020 2767 explicare.
1946 2727 1949 2730 “

258 2813 276 2820 x
394 2765 477 2806 Est
505 2779 622 2808 mons
651 2765 694 2807 in
725 2768 919 2811 Armenia
947 2785 1031 2813 non
1060 2771 1279 2815 admodum
1308 2783 1540 2830 praeceps,
1581 2771 1732 2816 stadiis
1762 2787 1864 2817 xm.
1897 2773 2104 2819 Theodo-

279 2821 434 2878 siopoli
462 2821 636 2864 dissitus
664 2823 811 2879 inique
838 2827 1042 2870 obversus
1073 2844 1099 2871 a
1126 2830 1442 2886 Septentrione.
1501 2829 1569 2871 Ex
1612 2845 1663 2872 eo
1704 2831 1843 2873 fontes
1871 2838 2104 2875 nascuntur

280 2879 394 2930 duo,
422 2879 497 2934 qui
522 2879 637 2923 illico
665 2881 846 2924 totidem
875 2883 1064 2927 efficiunt
1092 2885 1290 2938 flumimu
1315 2886 1352 2928 is
1381 2901 1533 2943 nempe
1556 2886 1629 2943 qui
1650 2887 1801 2931 dextra
1820 2889 1982 2941 oritur,
2012 2890 2105 2932 Eu-

281 2937 509 2992 phratem3
552 2936 661 2980 alter
699 2938 872 2994 Tigrin.
928 2942 991 2983 Ac
1030 2943 1181 2998 Tigris
1210 2943 1378 2998 quidem
1407 2959 1489 2987 non
1517 2943 1730 2996 flexuose,
1769 2946 1844 2990 sed
1875 2950 2019 2997 recta,
2059 2951 2105 2989 et

281 3005 433 3048 parum
461 3006 598 3050 aquae
628 2998 828 3039 externae
856 2996 1079 3053 colligens,
1125 3001 1315 3044 Amidam
1341 3015 1490 3044 versus
1517 3001 1762 3051 descendit,
1805 3017 1857 3045 ac
1885 3001 2104 3059 profluens

285 3048 343 3091 ad
371 3049 482 3091 latus
512 3050 633 3092 urbis
662 3051 785 3094 huius
816 3054 1098 3109 Aquilonare,
1126 3058 1371 3100 devolvitur
1391 3058 1435 3100 in
1456 3058 1685 3113 Assyriam.
1742 3059 1984 3116 Euphrates
2005 3073 2104 3102 cur-

287 3119 381 3148 sum
408 3105 562 3163 incipit
590 3122 667 3165 per
695 3115 874 3164 angusta
903 3112 1067 3167 spatia:
1099 3115 1210 3157 unde
1238 3115 1358 3158 simul
1387 3130 1438 3157 ac
1466 3115 1686 3172 prorupit,
1715 3116 1911 3159 subducit
1932 3130 1977 3159 se
1998 3131 2102 3159 ocu-

284 3162 364 3214 lis,
394 3177 478 3204 non
506 3177 585 3220 per
610 3166 774 3208 alveum
803 3168 1145 3223 subterraneum,
1177 3176 1223 3214 at
1251 3171 1432 3215 mirabili
1459 3172 1639 3228 quodam
1668 3186 1782 3218 casu.
1840 3174 2008 3216 Etenim
2030 3188 2102 3217 su-

285 3233 368 3277 per
396 3233 507 3275 aqua
533 3222 658 3263 limus
685 3223 912 3265 altissimus
942 3225 1070 3276 coiit,
1110 3240 1239 3284 seque
1266 3229 1330 3272 ita
1357 3229 1535 3280 effudit,
1577 3235 1625 3271 ut
1652 3229 1794 3272 stadia
1819 3246 1861 3273 n.
1892 3230 1936 3272 in
1963 3230 2102 3286 longi-

288 3276 498 3330 tudinem,
541 3292 613 3320 xx.
654 3277 699 3320 in
734 3280 998 3340 latitudinem
1027 3288 1186 3339 pateat.
1243 3287 1382 3342 Atque
1410 3287 1478 3329 hic
1505 3286 1625 3329 limus
1653 3287 1901 3330 arundinum
1929 3294 1996 3331 est
2025 3287 2103 3330 ad-

287 3334 454 3376 modum
481 3336 629 3386 ferax,
658 3336 851 3392 adeffque
878 3337 1031 3389 durus,
1073 3347 1118 3382 ut
1144 3343 1443 3385 accedentibus
1472 3342 1644 3386 obiiciat
1673 3344 1854 3401 speciem
1882 3345 2102 3388 continen-

284 3389 370 3442 tis,
410 3396 455 3433 et
482 3392 704 3434 transitum
732 3408 927 3437 securum
956 3397 1160 3452 praebeat
1187 3399 1400 3455 equitibus
1428 3400 1590 3456 pariter
1616 3415 1667 3444 ac
1695 3402 1927 3458 peditibus.
1986 3401 2101 3453 Quin

291 3447 417 3490 etiam
447 3449 638 3503 plaustra
665 3464 816 3504 magno
843 3452 942 3494 illac
970 3467 1140 3496 numero
1171 3463 1354 3511 aguntur
1382 3457 1601 3514 quotidie3
1636 3472 1714 3502 nec
1741 3464 1882 3503 tamen
1914 3458 2008 3501 fieri
2036 3460 2101 3501 la-

290 3505 368 3548 bes
407 3505 517 3561 ulla,
561 3521 642 3550 nec
678 3508 783 3564 quid
810 3509 949 3554 subsit
975 3510 1233 3568 deprehendi
1263 3521 1416 3570 potest.
1474 3515 1583 3558 Cum
1611 3523 1750 3559 autem
1776 3516 2004 3573 indigenae
2031 3530 2100 3558 so-
