2254 3814
338 174 376 231 4
387 174 461 233 14
752 221 759 230 ,
1093 175 1429 270 PIJOCOPII

336 317 486 388 τέρας
510 317 693 387 ἀρετῆς
720 317 854 382 ε’στι,
899 317 983 369 καὶ
1016 315 1083 369 δι’
1120 315 1248 370 αὐτὸ
1277 320 1570 385 ξυμβουλῆς
1600 315 1839 383 οὐδεμιᾶς
1861 314 1982 384 ὗμΐν
2006 318 2056 380 ἐς
2089 318 2172 372 εὗ-

336 404 549 470 τολμιάν
576 398 814 470 ὁρμώσης
841 399 1021 470 δεήσει.
1109 408 1212 456 τῶν
1238 402 1336 472 γὰρ
1363 398 1693 471 νενικηκότων
1716 400 1899 470 ἥκιστα
1925 402 2174 456 ἐλασσοῦ-

151 501 196 543 Η
227 501 308 544 123
341 494 469 541 σθαι
511 492 747 558 φιλοῦσιν
787 487 842 539 αἶ
875 492 1085 556 γνῶμαι.
1172 488 1327 540 ἐκεῖνο
1355 489 1410 540 δὲ
1429 485 1588 554 μόνον
1608 485 1900 556 ὑπομνῆσαι
1919 485 2053 555 ὑμᾶς
2081 489 2172 541 οὐκ

151 589 189 631 Ρ
217 590 302 634 237
333 573 432 625 ἄπο
463 577 642 642 καιροῦ
673 572 845 639 οἴομαι
874 570 1028 638 εἶναι,
1077 570 1176 637 ῶς,
1221 572 1285 640 ’ἢν
1323 570 1508 640 ὁμοίως
1535 570 1654 639 ’ἱμῒν
1691 572 1865 634 αὐτοῖς
1895 574 1948 626 ἓν
1971 579 2043 645 τῷ
2071 596 2172 626 πα-

331 656 470 725 ρόντι
511 657 1011 726 ἀνδραγαθίζοισθε,
1061 658 1243 710 αὐτίκα
1279 658 1339 725 δὴ
1377 655 1518 725 μάλα
1556 658 1615 710 τὸ
1646 658 1802 727 πέρας
1831 659 1924 721 ἕξει
1953 666 2062 719 τοῖς
2083 660 2216 726 με’νς)

330 743 608 804 Βανδίλοις
632 742 697 794 τὰ
722 748 814 810 τῆς
839 744 1058 808 ἐλπίδος,
1105 740 1224 811 ὖμΐν
1251 744 1307 796 δὲ
1334 740 1366 812 ἡ
1390 741 1548 812 μα’χηζ
1638 742 1768 797 ὥστε
1791 741 1927 811 ὗμᾶς
1951 741 2019 805 ὥς
2044 766 2175 814 προ-

330 826 610 896 θυμότατα
639 828 770 889 εἷκὸς
795 829 845 890 ἐς
873 828 1135 897 ξυμβολὴν
1159 826 1310 898 τήνδε
1340 831 1715 882 καθίστασθαι.
1803 826 1931 897 ἡδὺς
1970 829 2067 898 γὰρ
2098 829 2175 882 ἀεὶ

329 923 439 976 τοῖς
481 911 778 983 ἀνθρώποις
815 904 1084 984 ἀπολήγων
1123 936 1176 967 τε
1213 917 1295 967 καὶ
1327 916 1378 976 ἐς
1402 913 1768 986 καταστροφὴν
1795 915 1995 983 ἔγγίζων
2025 912 2050 967 ὅ
2079 912 2175 967 πό-

331 1021 435 1062 νος.
524 999 614 1052 τόν
641 1000 731 1066 μὲν
764 994 854 1051 οἶν
881 1005 983 1053 τῶν
1009 1002 1279 1052 Βανδίλων
1310 998 1487 1067 ὅμιλον
1512 1001 1656 1068 ὑμῶν
1682 1001 2048 1068 διαλογιζέσθω
2072 1023 2176 1068 μη-

335 1087 456 1147 δείς.
543 1085 603 1137 οὐ
639 1085 735 1155 γὰρ
776 1083 1071 1154 ἀνθρώπων
1113 1083 1302 1152 πλήθει
1342 1085 1460 1138 οὐδὲ
1493 1084 1746 1152 στομάτων
1780 1085 1983 1157 μέτρῳ,
2045 1085 2214 1143 ἀλλά1

334 1175 521 1238 ψυχῶν
549 1170 703 1240 ἀρετῇ
731 1168 917 1239 φιλεΐὸ
944 1170 1162 1237 πόλεμος
1196 1173 1565 1238 διακρίνεσθαι.
1655 1172 1823 1222 εἰσίτω
1856 1172 1910 1222 δὲ
1949 1168 2083 1237 ὗμᾶς
2117 1170 2175 1223 τὸ

336 1254 588 1308 πάντων’
569 1253 907 1324 ισχυρότατον
929 1261 1030 1308 τῶν
1057 1258 1107 1307 ἐν
1129 1252 1453 1323 ἀνθρώποις,
1502 1253 1533 1321 ἡ
1561 1256 1640 1307 ε’πὶ
1671 1263 1777 1316 τοῖς
1805 1256 2177 1322 πρασσομένοις

339 1338 512 1403 αῗδῶς.
601 1338 814 1407 αἰσχύνη
855 1362 952 1410 γαρ
991 1349 1099 1402 τοῖς
1127 1361 1179 1409 γε
1204 1346 1326 1393 νοῦν
1362 1339 1533 1407 ἔχουσι
1557 1339 1616 1392 τὸ
1647 1345 1794 1412 σφῶν
1818 1339 1989 1393 αὐτῶν
2017 1338 2178 1427 ἡττᾶ-

338 1432 468 1479 σθαι
494 1428 575 1478 καὶ
601 1431 693 1494 τῆς
723 1428 908 1487 οικειάς
932 1425 1118 1495 ἀρετῆς
1142 1423 1392 1488 ἐλάσσους
1417 1425 1665 1496 ὀφθῆναι.
1755 1420 1876 1487 τους
1899 1446 1997 1496 γαρ
2025 1432 2177 1480 πολε-

268 1535 306 1577 Β
334 1513 484 1580 μιόυς
539 1533 592 1564 ευ
628 1509 743 1564 οιδα
791 1509 869 1564 ὅτι
906 1511 1132 1582 ὀρρωδία
1170 1533 1222 1564 τε
1261 1514 1344 1565 καὶ
1382 1517 1551 1565 κακῶν
1590 1507 1767 1580 μνήμη
1808 1516 2214 1581 περιλαβοῦσαη

335 1593 680 1667 ἀναγκάσουσι
705 1598 912 1660 κακίους
932 1597 1197 1667 γενέσθαι,
1246 1595 1279 1666 ἡ
1304 1598 1397 1665 μὲν
1422 1605 1528 1659 τοῖς
1558 1595 1799 1667 φθάσασι
1829 1598 2172 1665 δεδιττομένη,

329 1681 362 1753 ἡ
390 1684 444 1735 δὲ
471 1682 806 1749 ἀνασοβοῦσα
834 1683 927 1751 τὴν
951 1688 1043 1736 τοῦ
1069 1681 1421 1753 κατορθώσειν
1450 1684 1647 1736 ἐλπίδα.
1734 1679 1862 1750 τύχη
1896 1683 1992 1753 γὰρ
2018 1683 2177 1745 εὐθὺς

329 1768 577 1839 μοχθηρὰ
608 1767 834 1839 ὀφθεῖσα
859 1771 1040 1822 δουλοῖ
1059 1774 1159 1821 τῶν
1188 1768 1320 1840 αὐτῇ
1349 1765 1803 1838 περιπεπτωκότων
1828 1768 1886 1820 τὸ
1914 1766 2172 1839 φρόνημα.

331 1852 400 1915 ῶς
444 1855 499 1906 δὲ
535 1859 626 1907 νῦν
662 1851 783 1922 ἡμῖν
821 1852 852 1921 ’ἢ
888 1852 1136 1924 πρότερον
1162 1851 1290 1924 ὑπὲρ
1316 1852 1557 1921 μειζόνων
1582 1852 1607 1908 ὁ
1635 1850 1770 1924 ἀγών
1797 1854 1933 1906 ἔστιν
1963 1854 2058 1923 ε’γιὺ
2081 1857 2176 1923 δη-

330 1937 497 1993 λώσω.
587 1939 640 1991 ἐν
672 1940 765 2006 μὲν
800 1940 898 2010 γὰρ
935 1946 999 2011 τῇ
1037 1939 1261 2013 προτέρᾳ
1295 1937 1437 2011 μα’χῃ
1465 1945 1568 1993 τῶν
1597 1936 1908 2010 πραγμάτων
1933 1937 2054 2007 ἡμῖν
2085 1940 2176 1992 οὐκ

331 2019 386 2077 εὖ
413 2019 697 2095 προϊόντων
736 2026 787 2077 ἓν
815 2031 887 2097 τῷ
910 2026 982 2092 μὴ
1010 2025 1101 2093 τὴν
1127 2024 1402 2095 ἀλλοτρίαν
1429 2030 1604 2092 λαβεῖν
1640 2024 1666 2078 ὃ
1690 2027 1918 2086 κίνδυνος
1943 2020 2004 2093 ἦν
2021 2066 2038 2090 ,
2085 2031 2177 2078 νῦν

331 2111 420 2176 δὲ,
468 2109 532 2179 ’ἢν
564 2109 636 2178 μὴ
671 2115 774 2163 τῶν
810 2108 1019 2180 ἀγώνων
1057 2108 1416 2179 κρατήσωμεν,
1458 2111 1552 2179 τὴν
1591 2109 1842 2179 ’ἡμετέραν
1878 2110 2175 2177 ἀποβαλοῦ-

328 2217 437 2264 μεν.
528 2193 634 2268 ὅσῳ
659 2196 830 2249 τοίνυν
858 2195 916 2248 τὸ
943 2201 1222 2264 κεκτῆσθαι
1244 2197 1404 2264 μηδὲν
1430 2202 1522 2249 τοῦ
1546 2202 1649 2250 τῶν
1672 2193 2007 2266 ὑπαρχόντων
2036 2197 2175 2249 ἕστε-
2230 2231 2233 2235 ,

331 2286 529 2352 ρῇσθαι
583 2278 925 2352 κουφότερον,
984 2279 1217 2355 τοσούτῳ
1257 2287 1351 2335 νῦν
1386 2286 1585 2350 μᾶλλον
1621 2281 1655 2352 ἢ
1692 2279 1940 2353 πρότερον
1979 2282 2030 2336 ἓν
2069 2291 2176 2344 τοῖς

326 2472 646 2514 pervacaneum
673 2464 736 2501 est
756 2459 895 2501 verbis
919 2460 1084 2502 animos
1111 2461 1230 2502 vobis
1251 2460 1441 2513 addere,
1471 2475 1564 2502 cum
1590 2461 1771 2503 victores
1794 2461 1936 2503 animo
1958 2461 2177 2503 debilitari

330 2517 505 2563 minime
537 2518 720 2558 soleant.
776 2518 869 2558 Hoc
904 2532 1035 2560 unum
1070 2519 1301 2561 admonere
1331 2534 1415 2560 non
1453 2519 1670 2569 alienum,
1714 2519 1887 2573 opinor,
1924 2520 2090 2572 suerit.-
2138 2518 2175 2559 si

330 2575 437 2625 iam,
468 2574 584 2616 vobis
611 2574 785 2624 similes,
815 2589 890 2615 vos
906 2577 1087 2627 sortiter
1105 2578 1302 2632 geratis3
1339 2582 1500 2631 puncto
1523 2576 1738 2631 temporis,
1770 2576 1861 2617 dies
1885 2578 1995 2617 idem
2020 2582 2062 2618 et
2084 2577 2176 2629 spei

338 2631 572 2683 Vandalis,
617 2638 659 2674 et
698 2633 816 2673 vobis
848 2633 948 2674 belli
972 2635 1109 2687 finem
1132 2635 1288 2688 saciet.
1359 2635 1513 2687 Itaque
1549 2647 1758 2676 summam
1789 2634 2064 2676 alacritatem
2096 2635 2174 2675 hoc
2236 2673 2242 2677 .

325 2689 541 2744 praelium
567 2690 728 2744 exigit.
773 2690 982 2744 siquidem
1006 2692 1140 2742 labor,
1170 2705 1265 2733 eum
1288 2691 1348 2732 ad
1373 2692 1532 2733 exitum
1555 2692 1717 2746 vergit,
1758 2706 1809 2732 ac
1831 2692 1919 2733 iam
1940 2705 2050 2746 pene
2072 2705 2176 2733 con-

320 2749 467 2800 fectus
495 2751 585 2796 est,
628 2747 839 2789 iucundus
873 2748 1046 2791 accidit.
1108 2749 1262 2803 Neque
1293 2749 1399 2790 haec
1426 2746 1717 2790 Vandalorum
1750 2750 1879 2791 turba
1912 2755 2078 2804 quanta
2102 2749 2173 2800 sit,

327 2804 553 2859 quisquam
585 2805 800 2846 attendat.
863 2806 963 2847 Non
989 2807 1101 2848 enim
1125 2807 1342 2848 hominum
1365 2807 1663 2858 mullitudine,
1697 2820 1782 2847 non
1803 2808 1912 2849 mole
1937 2820 2175 2860 corporum,

327 2861 404 2902 sed
445 2861 689 2917 ingentium
729 2863 967 2906 animorum
1001 2866 1150 2906 robore
1186 2865 1342 2906 bellum
1379 2865 1610 2907 dirimitur.
1669 2864 1722 2905 In
1752 2865 1906 2920 primis
1939 2865 2067 2905 velim
2099 2877 2174 2904 vos
2238 2879 2241 2905 ῑ

325 2919 479 2960 subeat
511 2933 655 2960 rerum
679 2934 816 2962 comes
837 2927 1061 2976 gestarum
1078 2922 1246 2977 pudor,
1286 2923 1522 2964 maximum
1546 2921 1734 2963 omnium
1760 2924 1874 2964 inter
1893 2921 2082 2963 homines
2105 2921 2172 2962 in-

326 2976 616 3018 citamentum.
677 2977 908 3020 Enimvero
934 2993 1069 3021 sanae
1090 2980 1244 3022 mentis
1269 2979 1481 3021 hominem
1507 2979 1642 3035 pudet
1663 2992 1694 3020 a
1717 2993 1762 3020 se
1778 2979 1869 3034 ipso
1891 2979 2083 3032 deficere,
2130 2983 2173 3021 et
2240 3031 2243 3035 s

323 3033 498 3075 virtutis
529 3034 740 3087 pristinae
761 3049 945 3090 egenum
968 3037 1122 3081 videri.
1185 3037 1343 3078 Contra
1364 3051 1463 3078 vero
1486 3036 1773 3091 trepidatione
1796 3041 1838 3077 et
1857 3042 2058 3089 acceptae
2080 3036 2173 3077 cla-
2240 3046 2241 3049 ’

325 3091 393 3133 dis
412 3092 619 3132 memoria
641 3092 859 3134 districtus
883 3094 1037 3144 hostis,
1073 3097 1263 3148 profecto
1290 3094 1506 3136 remissius
1528 3107 1664 3149 agere
1692 3099 1897 3148 cogetur3
1938 3095 2038 3134 dum
2063 3093 2171 3135 haec
2230 3099 2244 3147 2':

324 3149 412 3190 iam
433 3154 618 3199 mentem
637 3151 886 3202 praeteritis
910 3152 1138 3204 territabit,
1169 3153 1248 3192 illa
1274 3165 1391 3206 spem
1417 3165 1582 3192 omnem
1606 3151 1711 3192 bene
1735 3151 1958 3206 gerendae
1975 3152 2040 3193 rei
2065 3165 2171 3192 con-
2239 3148 2243 3193 Ῑ

323 3207 466 3249 vellet.
523 3206 743 3247 Adversae
782 3208 893 3248 enim
912 3210 1124 3260 fortunae
1149 3209 1317 3262 facies,
1361 3222 1530 3259 eorum,
1559 3208 1703 3263 quiin
1737 3209 1877 3262 ipsam
1899 3208 2172 3258 incurrerint,
2219 3211 2244 3255 „js

324 3278 410 3305 non
432 3263 535 3305 sinit
560 3264 722 3305 animos
748 3278 838 3305 esse
861 3265 1040 3316 liberos,
1078 3279 1157 3307 nec
1193 3267 1468 3319 praeclarum
1491 3266 1888 3320 aliquid'cogitare.
1951 3265 2099 3320 Neque
2122 3265 2169 3306 id
2234 3271 2235 3275 ’

320 3321 568 3376 praeteribo
586 3354 596 3374 ‚
636 3322 725 3362 iam
748 3322 868 3363 nobis
897 3323 1078 3364 crevisse
1108 3322 1306 3364 certandi
1330 3336 1519 3366 causam.
1583 3323 1701 3364 Nam
1722 3325 1760 3364 si
1781 3324 1826 3365 in
1858 3323 1994 3377 priori
2011 3335 2168 3378 pugna

327 3380 441 3421 male
459 3393 527 3420 res
546 3379 843 3433 processisset,
883 3379 960 3421 hoc
983 3394 1115 3421 unum
1140 3385 1236 3421 erat
1254 3381 1490 3433 periculum
1504 3412 1516 3432 ‚
1541 3393 1595 3422 ne
1627 3382 1713 3422 solo
1727 3412 1739 3432 ‚
1770 3381 1882 3435 quod
1904 3381 1982 3421 alii
2002 3381 2168 3421 obtine·
2223 3390 2240 3405 ⁶

329 3436 455 3488 bant,
504 3436 846 3479 excluderemur.-
895 3451 1032 3489 nunc,
1082 3437 1121 3478 si
1152 3438 1400 3489 vincamur,
1453 3443 1594 3480 nostro
1619 3439 1744 3480 eiecti
1766 3438 1908 3492 sumlo
1944 3438 2165 3479 abibimus.
2227 3436 2243 3490 '3

333 3494 502 3546 Quanto
525 3493 664 3550 igitur
683 3495 948 3540 tolerabilius
986 3501 1050 3539 est
1071 3509 1156 3537 non
1178 3496 1343 3539 venisse
1365 3496 1411 3538 in
1434 3497 1755 3552 possessionem,
1784 3509 1913 3551 quam
1938 3508 1990 3538 ex
2009 3508 2062 3537 ea
2090 3494 2167 3537 de·
2223 3503 2239 3555 :s-
