2254 3814
354 156 475 214 320
1114 150 1447 206 PROCOPII

353 320 446 370 νης
487 292 770 364 ἐτελεύτησε
815 288 968 367 νόσῳ.
1057 289 1292 363 ἐτύγχανε
1326 294 1382 346 δὲ
1419 286 1665 363 πρότερον
1701 290 1789 354 ’ξὺν
1823 295 1898 363 τῷ
1944 289 2168 364 Ὁνωρίῳ

354 386 447 453 τὴν
480 383 738 451 βασιλείαν
765 375 1121 441 Κωνστάντιος
1146 379 1286 447 ἔχων,
1329 383 1421 447 τῆς
1441 377 1708 447 Ἀρκαδιόυ
1738 397 1791 428 τε
1814 378 1898 429 καὶ
1926 373 2170 447 Ὁνωρίου

357 471 580 539 ἀδελφῆς
622 465 907 526 Πλακιὸιάς
944 464 1100 534 ἀνὴρ,
1142 463 1198 526 ὃς
1234 461 1425 532 ἡμέρας
1457 468 1521 534 τῇ
1561 462 1691 532 ἀρχῇ
1727 460 1950 529 ἐπιβιοὺς
1982 460 2167 530 ὀλίγας,

290 576 327 617 C
357 557 588 623 πονηρῶς
610 572 663 603 τε
683 547 907 617 νοσήσας
930 547 1036 602 εἶτα
1059 549 1330 614 ἀπέθανεν,
1349 546 1593 616 Ὁνωρίου
1620 549 1805 611 ζῶντος
1826 545 1941 599 οὔτε
1957 567 2003 599 τι
2021 549 2172 599 εἰπεῖν

356 637 507 707 λόγου
540 635 678 698 ἄξιον
705 634 818 687 οὗτε
841 638 1028 703 πρᾶξαι
1054 632 1280 703 ἲσχύσας.
1369 632 1426 686 οὗ
1453 632 1548 702 γὰρ
1589 631 1729 703 αὐτῷ
1768 627 1967 700 ἐπήρκει
1998 629 2024 684 ὅ
2046 628 2216 701 χειά-5

181 738 220 780 V
248 734 331 779 348
359 744 461 788 νος,
501 720 556 774 ὃν
585 722 636 772 ἓν
664 725 726 790 τῇ
751 721 983 794 βασιλεία
1015 721 1170 787 ε’βιόυ.
1258 714 1442 772 τούτου
1467 716 1529 784 δὴ
1555 722 1648 770 τοῦ
1667 717 2031 770 Κωνσταντιόυ
2058 724 2177 779 παῖς

359 805 801 871 Οὖαλεντινιανὸς,
842 804 958 877 ἄρτι
985 810 1075 859 τοῦ
1101 809 1285 859 τιτθοῦ
1308 804 1641 873 ἀπαλλαγεὶς,
1677 802 1729 856 ἓν
1755 809 1863 864 τοῖς
1896 803 2175 856 Θεοδοσίου

470 985 511 1028 1.
557 980 768 1056 ἐτύγχανε
807 981 859 1027 δε
896 984 980 1039 --]
1029 983 1228 1027 Scholion
1267 983 1312 1026 in
1351 983 1385 1026 Α
1430 983 1683 1028 Θεοδοσίου
1711 979 1884 1056 μητρὸς
1909 982 2019 1032 παῖς
2051 981 2178 1024 Πλα-

469 1043 623 1095 κιδία,
668 1040 906 1111 Ἀρκαδίου
957 1041 1034 1085 καὶ
1081 1040 1306 1111 Ονωρίου
1339 1038 1548 1112 ,ἀδελφή
1618 1038 1666 1094 ἐξ
1716 1036 1772 1097 ἧς
1813 1040 1891 1083 καὶ
1934 1042 2180 1083 Κωνσταν-

467 1102 572 1146 τίου
606 1096 990 1150 Ουάλεντινιανός
1022 1095 1046 1142 ὁ
1079 1099 1238 1154 μικρὸς
1266 1095 1290 1142 6
1324 1096 1442 1152 ἀνὴρ
1477 1094 1708 1149 Εὐδοξίας
1733 1099 1966 1153 θυγατρὸς
1993 1099 2079 1141 τοῦ
2107 1112 2180 1150 μι-

468 1159 588 1212 κροῧ
619 1159 889 1202 Θεοδοσίου.
953 1154 1335 1205 Ουάλεντινιανός
1363 1155 1413 1199 δὲ
1441 1156 1518 1199 καὶ
1548 1154 1755 1209 Εὐδοξιά
1781 1155 1997 1224 γεννῶσιν
2027 1151 2181 1199 Εὖδο-
2220 1186 2225 1190 -

468 1218 574 1260 κίαν
606 1217 684 1260 καὶ
714 1214 967 1260 Πλακιδίαν
998 1213 1084 1282 τὴν
1113 1215 1198 1258 τοῦ
1221 1213 1500 1284 Ὀλυμβρίου
1529 1217 1735 1268 γυναῖκα.
1798 1211 2182 1264 Ουαλεντινιανός

472 1270 498 1318 ὁ
527 1271 665 1330 μέγας
695 1269 720 1317 6
750 1270 865 1329 μετὰ
888 1267 1093 1330 Ἰοβανὸν
1119 1270 1404 1329 (Ἰοβιανόν)
1433 1274 1652 1328 γυναῖκας
1681 1268 1779 1327 ἔσχε
1807 1267 1896 1315 δύο

470 1399 708 1460 Σεβήραν,
737 1396 844 1456 ἐξ
814 1417 872 1457 ης
1403 1397 1652 1443 Ἰουστίναν
1677 1398 1914 1455 θυγατέρα
2223 1422 2226 1425 >

468 1458 732 1515 Γρατιανόν
1400 1454 1600 1502 Ἰούστου
1637 1457 1936 1514 συγκλητικοῦ
1963 1456 2011 1511 ἐξ
2038 1449 2183 1514 ἧσπερ

465 1611 640 1663 Ἰούστα
1226 1613 1415 1674 Στρᾶτα
1716 1611 1952 1670 Στᾶλλαγ
1924 1611 2042 1672 γυνὴ
2253 1649 2254 1676 ᾗ

1562 1672 1817 1717 Θεοδοσίου
1859 1673 1945 1717 τοῦ
1970 1668 2187 1743 μεγάλου,
2253 1691 2254 1695 ’

1558 1729 1609 1784 ἐξ
1651 1723 1717 1773 ὦν
1749 1727 2131 1781 Ουαλεντινιανός
2161 1725 2187 1774 6

1557 1786 1766 1846 γαμβρός
1808 1790 2063 1834 Θεοδοσίου
2101 1787 2188 1833 τοῦ

1560 1847 1730 1901 μικροῦ
1758 1846 1825 1896 εἰς
1854 1845 2093 1901 Ευδοξίαν

829 1898 1132 1953 Θεοδόσιος
1109 1919 1134 1947 ο
1166 1901 1306 1959 μέγας
1336 1898 1385 1947 ἐκ
1413 1904 1669 1956 Πλακίλλης
1695 1903 1835 1960 γεννᾷ

608 1961 2024 2074 Μ

610 2059 863 2130 Εὖδοξίας
875 2059 1100 2131 ἐγεννήθη
1125 2063 1243 2105 Θεο-

612 2118 771 2168 δόσιος
840 2113 866 2162 ὁ
936 2117 1097 2175 μικρὸς
1163 2117 1243 2163 καὶ

612 2176 874 2232 Πουλχερίοι

829 2230 1078 2285 Θεοδόσιος
1104 2229 1129 2278 6
1159 2230 1345 2289 μικρὰς,
1372 2230 1420 2287 ἐξ
1449 2228 1682 2288 Ευδοξίας
1707 2233 1848 2294 γεννᾷ

475 2386 734 2444 Εὕδοξίαν,
763 2389 850 2460 τήν
1207 2389 1448 2436 Ev’oontoev
1927 2391 2187 2437 mmmmm

471 2453 669 2505 γυναῖκα
721 2445 848 2493 Otia-
1225 2448 1311 2505 τήν
1335 2450 1424 2494 τοῦ
1959 2447 2044 2505 τήν
2071 2450 2159 2492 τοῦ

514 2508 804 2552 λεντινιανοῦ
1187 2503 1469 2563 Ὀννωρίχου
1913 2501 2186 2566 Ὀλυμβρίου

1166 2567 1254 2610 τοῦ
1280 2566 1510 2610 Βανδίλου

475 2645 599 2697 Quae
628 2655 833 2706 corrupta
862 2647 905 2691 in
935 2647 1003 2691 his
1031 2652 1155 2702 sunt,
1189 2651 1318 2695 facile
1347 2648 1560 2694 enendari
1589 2652 1766 2706 possunt
1793 2663 1846 2691 ex
1874 2648 1979 2693 locis
2002 2647 2188 2707 scripto·

473 2717 564 2746 rum
592 2717 697 2760 quos
728 2706 1005 2749 Ruhnkenius
1033 2707 1205 2763 collegit
1233 2709 1277 2751 in
1312 2707 1603 2764 disputatione
1634 2707 1690 2751 de
1718 2706 1848 2749 Galla
1876 2707 2071 2750 Placidia
2101 2708 2189 2749 Au-
2234 2743 2242 2751 .

472 2765 613 2816 gusta.
673 2761 977 2816 Genealogiam
1025 2763 1308 2808 Valentiniani
1354 2767 1410 2809 ab
1456 2765 1704 2820 Nicephoro
1757 2764 1798 2806 in
1844 2762 2188 2819 chronographia
2236 2796 2239 2797 ν

470 2816 784 2884 compendiaria
827 2822 1063 2873 appositam
1103 2822 1181 2875 (p.
1212 2825 1311 2868 755.
1342 2823 1409 2866 ed.
1439 2823 1591 2878 meae)
1633 2821 1872 2865 emendavit
1909 2820 2189 2863 Ruhnkenius
2238 2814 2246 2823 '

470 2873 757 2945 disputatione
800 2874 1036 2930 posteriore
1078 2882 1282 2919 extrema.
1481 2877 1525 2925 4.
1576 2879 1820 2950 πονηρῶς]
1874 2875 2086 2934 πονήρως
2135 2877 2188 2920 Ρ.
2212 2878 2250 2899 '³'

472 2932 577 2974 ibid.
608 2946 717 2975 ουτε
745 2932 816 2986 τι]
852 2932 1012 2974 Aberat
1039 2947 1098 2974 τι.
1225 2933 1268 2978 7.
1303 2928 1668 2988 ουαλεντινιανὸς
1694 2939 1734 2979 Α
1761 2950 1788 2979 a
1815 2949 1870 2979 m.
1899 2948 1984 2978 sec.
2041 2935 2188 2992 βουα-

472 2986 751 3040 λεντινιανὸς
780 2988 829 3030 L.
889 2987 1243 3042 Βαλεντινιανὸς
1270 2990 1321 3033 Ρ.
2212 2991 2238 3004 ’“

363 3162 434 3202 tea
462 3171 635 3202 consors
667 3157 840 3214 Imperii
870 3158 1015 3200 fuerat
1045 3159 1325 3203 Constantius
1356 3158 1588 3212 Placidiae,
1628 3172 1737 3215 quae
1765 3159 1939 3203 Arcadii
1967 3163 2013 3203 et
2039 3159 2187 3203 Hono-

365 3217 420 3260 rii
451 3231 572 3258 soror
601 3221 709 3266 erat,
741 3215 929 3258 maritus.
990 3215 1074 3257 Hic
1102 3231 1264 3272 paucos
1292 3217 1383 3259 dies
1411 3217 1569 3258 fruitus
1601 3216 1856 3273 principatu,
1887 3218 2010 3273 gravi
2038 3218 2184 3261 morbo

366 3279 590 3341 correptus
619 3272 829 3325 decessit,
860 3272 1092 3327 superstite
1117 3274 1332 3325 Honorio,
1374 3288 1464 3316 cum
1497 3273 1536 3315 ei
1564 3288 1643 3316 nec
1674 3275 1816 3326 dicto,
1845 3290 1924 3318 nec
1951 3276 2067 3318 facto
2098 3274 2184 3318 ullo

366 3330 627 3375 memorabili
667 3343 815 3372 nomen
859 3329 1152 3372 commendare
1179 3345 1296 3373 suum
1327 3329 1514 3373 licuisset
1545 3345 1621 3386 per
1650 3333 1880 3387 temporis,
1931 3346 2014 3389 quo
2052 3331 2186 3387 impe-

369 3390 477 3432 rium
505 3387 667 3439 tenuit,
718 3386 988 3429 brevitatem.
1045 3386 1173 3430 Istius
1205 3387 1445 3431 Constantii
1478 3388 1591 3430 filius
1622 3389 1961 3442 Valentinianus,
2014 3403 2095 3432 non
2124 3389 2186 3431 ita
2229 3394 2238 3404 '

369 3446 532 3504 pridem
561 3444 763 3503 depulsus
791 3444 845 3489 ab
873 3444 1028 3495 ubere,
1065 3443 1110 3487 in
1139 3446 1237 3489 aula
1265 3445 1502 3489 Theodosii
1530 3446 1816 3502 educabatur,
1847 3446 2016 3504 quando
2046 3446 2185 3504 Impe-
