2254 3814
307 158 429 217 254
1054 161 1389 217 PROCOPH

301 311 408 365 τοῖς
439 301 609 365 ἄλλοις
633 301 792 357 ἅπασι
817 301 948 355 κατὰ
971 300 1136 356 ταύτὰ
1163 306 1415 373 ξυμβῆναι
1429 344 1446 369 ,
1491 301 1611 357 ἀλλ’
1643 302 1747 356 ἐπεὶ
1779 303 1831 356 ἐν
1858 302 2032 367 αὖτοΐς
2062 303 2132 368 ὡς

298 387 482 458 ἥκιστα
524 384 679 455 ἦσαν,
741 390 954 450 ξυνεῖναι
990 394 1082 455 τῆς
1119 386 1305 458 ὀδύνης
1336 389 1538 457 οὐδαμῆ
1577 386 1735 456 εἶχον,
1787 394 1882 443 τοῦ
1925 388 2132 453 πάθους

300 473 475 535 αὐτοῖς
500 479 591 526 τοῦ
617 472 747 542 ἀμφὶ
773 473 865 535 τὰς
886 471 1077 543 φρένας
1103 475 1512 546 παραιρουμένου
1533 473 1625 542 τὴν
1655 473 1917 542 αἴσθησιν.

460 554 822 626 Ἀπορούμενοι
856 563 980 628 γοῦν
1017 563 1119 613 τῶν
1155 581 1284 622 τινες
1308 562 1497 629 ἰατρῶν
1523 564 1586 630 τῇ
1613 564 1715 612 τῶν
1745 556 2130 628 ξυμπιπτόντων

301 642 478 717 ἀγνοίᾳ
491 683 507 707 ,
555 640 614 695 τό
655 664 708 695 τε
750 649 842 711 τῆς
879 641 1034 698 νόσου
1067 643 1341 716 κεφάλαιον
1368 647 1420 698 ἐν
1445 653 1552 707 τοῖς
1578 649 1840 712 βουβῶσιν
1865 643 2127 716 ἀποκεκρί-
2144 652 2172 695 5

240 739 278 780 C
307 734 435 781 σθαι
482 724 731 795 οῗόμενοι,
797 731 1156 799 διερευνᾶσθαι
1194 736 1296 785 τῶν
1335 725 1759 798 τετελευτηκότων
1801 729 1867 783 τὰ
1915 727 2132 798 σώματα

299 812 539 882 ἔγνωσαν.
629 815 713 866 καὶ
748 812 994 878 διελόντες
1017 820 1119 870 τῶν
1142 813 1424 884 βουβώνων
1445 815 1586 877 τινὰς
1607 813 1871 883 ἄνθρακος
1896 813 2058 868 δεινόν
2083 836 2133 868 τι

292 904 471 968 χρῆμα
493 899 775 969 ἐκπεφυκὸς
803 893 966 972 εὗρον.
1056 900 1308 971 ἔθνησκον
1333 902 1388 954 δὲ
1408 901 1455 954 οἳ
1478 901 1571 969 μὲν
1601 899 1814 965 αὐτίκα,
1861 900 1908 953 οἶ
1930 902 1986 953 δὲ
2008 898 2134 967 ἦμέ-

298 1005 411 1054 ραις
451 989 662 1047 πολλαῖς
699 983 912 1055 ὕστερον
927 1027 944 1053 ,
991 987 1097 1040 τισί
1116 1009 1169 1040 τε
1193 987 1525 1058 φλυκταίναις
1546 985 1834 1053 μελαίναις,
1883 983 2003 1039 ὅσον
2026 1007 2132 1056 φα-

298 1074 390 1121 κοῦ
418 1070 666 1139 μέγεθος,
712 1068 913 1139 ἐξήνθει
941 1071 1000 1126 τὸ
1036 1079 1215 1140 σῶμα,
1264 1073 1322 1127 οἳ
1352 1071 1470 1125 οὐδὲ
1508 1073 1632 1139 μίαν
1668 1071 1880 1138 ἐπεβίων
1918 1069 2127 1140 ἡμέραν,
2148 1078 2202 1119 10

297 1154 418 1206 ἀλλ’
446 1155 712 1226 εὖθυωρόν
738 1154 956 1219 ἅπαντες
984 1157 1255 1226 ἔθνησκον.
1311 1156 1532 1218 πολλοὺς
1557 1157 1612 1209 δὲ
1634 1157 1724 1208 καί
1740 1177 1817 1215 τις
1841 1154 2132 1223 αὐτόματος

298 1241 517 1306 αἵματος
560 1239 903 1311 ἐπιγενόμενος
942 1241 1118 1310 ἔμετος
1155 1241 1314 1304 εὐθὺς
1353 1239 1672 1309 διεχρήσατο.
1761 1241 1915 1294 ἐκεῖνο
1957 1241 2131 1309 μέντοι

297 1323 671 1395 ἀποφήνασθαι
711 1325 837 1395 ἔχω,
885 1325 955 1389 ὥς
987 1332 1091 1381 τῶν
1124 1329 1312 1398 ἰατρῶν
1350 1327 1398 1380 οἳ
1433 1323 1771 1394 δοκιμώτατοι
1795 1325 2016 1388 πολλοὺς
2035 1327 2130 1394 μὲν

293 1409 640 1478 τεθνήξεσθαι
677 1409 1053 1484 προηγόρευον,
1099 1412 1156 1466 οἳ
1185 1412 1249 1481 δὴ
1288 1417 1458 1465 κακῶν
1488 1411 1710 1474 ἀπαθεῖς
1735 1411 1884 1484 ὀλίγῳ
1916 1409 2130 1484 ὕστερον

293 1493 598 1566 παραδόξως
621 1497 872 1565 ἐγίνοντο,
908 1498 1130 1560 πολλοὺς
1156 1498 1212 1551 δὲ
1234 1495 1311 1552 ὅτι
1334 1494 1666 1566 σωθήσονται
1690 1499 2002 1568 ἰσχυρίζοντο
2014 1537 2031 1563 ,
2080 1496 2198 1550 οἳ15
2237 1513 2243 1517 ’

201 1570 268 1642 =1)
301 1579 763 1652 διαφθαρήσεσθαι
804 1581 1011 1651 ἐζιιελλον
1049 1583 1231 1637 αὐτίκα
1268 1582 1332 1651 δὴ
1361 1580 1518 1651 μάλα.
1607 1579 1771 1644 οὕτως
1797 1583 1935 1636 αἰτία
1961 1602 2038 1645 τις
2064 1575 2127 1651 ἦν
2249 1581 2254 1590 '

290 1666 501 1745 οὐδεμία
527 1668 580 1719 ἐν
606 1664 770 1739 ταύτῃ
791 1674 854 1740 τῇ
879 1666 1014 1742 νόσῳ
1043 1670 1094 1732 ’ἐς
1120 1666 1407 1739 ἀνθρώπου
1436 1667 1676 1738 λογισμὸν
1701 1667 1957 1739 φέρουσα·
2003 1672 2128 1721 πᾶσι

286 1749 384 1821 γάρ
413 1773 487 1814 τις
515 1749 781 1822 ἀλόγιστος
808 1751 1062 1822 ἀπόβασις
1088 1756 1168 1807 ἐπὶ
1194 1759 1428 1808 πλεῖστον
1453 1754 1659 1825 ἐφέρετο
1674 1794 1690 1819 ,
1736 1754 1820 1806 καὶ
1845 1753 1910 1807 τὰ
1934 1751 2128 1822 λουτρὰ

287 1835 409 1898 τοὺς
445 1838 538 1905 μὲν
570 1837 762 1907 ὤνησε,
810 1839 930 1902 τοὺς
958 1841 1013 1893 δὲ
1037 1839 1185 1894 οὐδέν
1209 1861 1258 1892 τι
1287 1832 1447 1906 ἧσσον
1474 1839 1812 1906 κατέβλαψεν.
1902 1834 2126 1907 ἅμελού-
2242 1903 2247 1923 λ

287 1923 434 1990 μενοί
454 1943 507 1975 τε
530 1926 708 1977 πολλοὶ
739 1923 992 1994 ἔθνησκον
1005 1965 1023 1991 ,
1069 1926 1248 1979 πολλοὶ
1276 1925 1332 1978 δὲ
1355 1923 1496 1996 παρὰ
1518 1921 1669 1994 λόγον
1692 1920 1953 1988 ἐσώζοντο.
2042 1924 2199 1977 amieo

289 2004 442 2061 πάλιν
482 2003 548 2061 αὗ
585 2009 651 2062 τὰ
691 2015 784 2079 τῆς
820 2010 1101 2082 θεραπείας
1136 2009 1222 2083 ἐφ’
1257 2006 1471 2081 ἑκάτερα
1494 2017 1601 2072 τοῖς
1620 2007 1904 2080 χρωμένοις
1930 2006 2122 2081 ἐχώρει,
2227 2050 2254 2084 -7

405 2173 445 2216 1.
474 2166 636 2222 αὐτοῖς
666 2173 701 2215 1.
730 2187 840 2216 corr.
870 2173 1013 2230 Vulgo
1042 2169 1220 2225 αὐτοῖς.
1337 2173 1406 2218 11.
1436 2169 1687 2223 εὖθυωοόν
1715 2171 1806 2214 Pm.
1835 2167 2042 2226 ου’θυωρὶ
2073 2174 2125 2217 Ρ.
2223 2183 2254 2233 ‘.'

402 2225 650 2284 εὖθυωρὸν
680 2235 746 2274 est
776 2246 818 2288 p.
847 2231 905 2275 35
936 2246 973 2273 a.
1019 2231 1075 2275 64
1103 2232 1146 2274 b.
1193 2229 1277 2277 144
1306 2245 1344 2272 c.
1389 2231 1472 2275 166
1503 2245 1541 2273 c.
1585 2232 1674 2275 222
1701 2229 1745 2272 b.
1786 2229 1869 2273 561
1899 2245 1940 2275 a.
1969 2232 2056 2277 585
2084 2245 2123 2275 c.
2235 2229 2254 2284 ξ-

404 2287 490 2333 594
519 2288 563 2331 d.
592 2289 678 2333 623
706 2287 748 2332 d.
776 2290 862 2335 633
891 2288 934 2335 d.
962 2289 1046 2335 665
1077 2302 1119 2332 a.
1236 2289 1308 2333 16.
1333 2302 1402 2340 τις
1431 2282 1490 2346 ἦν
1517 2288 1608 2333 Ριιι.
1666 2286 1784 2333 τισὶν
1812 2287 1864 2331 Ρ.

283 2440 420 2498 piamz
467 2447 513 2486 at
555 2443 753 2500 quoniam
785 2458 869 2486 non
898 2448 1022 2487 eraut
1051 2449 1292 2500 compotem
1332 2442 1494 2487 doloris
1523 2457 1718 2496 sensum,
1758 2457 1882 2501 quem
1921 2444 2123 2489 alienatio

283 2499 434 2541 mentis
465 2501 719 2553 auferebat,
751 2500 975 2558 percipere
1003 2502 1172 2544 minime
1201 2507 1415 2559 poterant.

399 2557 560 2599 Medici
589 2559 786 2614 quidam,
816 2573 911 2601 cum
941 2559 986 2601 in
1016 2559 1082 2602 his
1109 2560 1376 2602 caecutirent
1402 2556 1722 2601 accessionibus
1751 2556 1911 2611 morbi,
1944 2556 2124 2614 eiusque

282 2617 414 2668 caput
443 2613 486 2655 in
525 2615 762 2657 bubonibus
799 2616 992 2659 residere
1020 2624 1229 2659 secretum
1258 2616 1368 2668 rati,
1417 2616 1714 2658 defunctorum
1757 2615 1967 2659 cadavera
2000 2629 2122 2658 scru-

281 2671 367 2712 tari
403 2671 717 2723 decrevissent3
764 2672 962 2716 dissectis
990 2674 1219 2716 tuberibus
1248 2673 1438 2729 aliquot,
1479 2680 1628 2716 enatos
1657 2672 1718 2714 ibi
1748 2673 2026 2715 carbunculos
2055 2679 2119 2715 te-

282 2726 482 2770 terrimos
521 2727 911 2784 deprehenderunt.
972 2731 1166 2782 Quorum
1210 2731 1396 2786 maligna
1436 2729 1504 2773 vis
1534 2731 1611 2772 bos
1639 2727 1809 2780 statim,
1852 2729 1948 2773 illos
1982 2730 2122 2784 multis

281 2790 381 2840 post
409 2784 560 2827 diebus
590 2786 859 2829 conficiebat.
919 2788 1016 2831 Nec
1048 2787 1252 2840 deerant,
1297 2787 1454 2844 quibus
1482 2791 1575 2830 toto
1612 2800 1792 2843 corpore
1822 2792 1943 2829 atrae
1973 2793 2124 2843 postu-

277 2841 347 2884 lae
376 2842 665 2896 magnitudine
695 2843 820 2886 lentis
850 2851 1134 2900 erumperent.
1176 2843 1238 2887 Hi
1266 2858 1322 2886 ne
1351 2858 1477 2887 unum
1509 2843 1676 2912 quidem
1705 2850 1962 2899 supererant
1983 2843 2119 2896 diem3

276 2898 354 2941 sed
384 2900 530 2941 eadem
560 2900 668 2943 hora
696 2901 875 2943 animam
905 2915 1048 2944 omnes
1081 2902 1301 2947 efflabant.
1333 2901 1493 2944 Multos
1520 2901 1634 2944 illico
1664 2901 1940 2956 extinguebat
1967 2908 2121 2956 sponte

281 2956 604 3012 prorumpentis
633 2959 853 3012 sanguinis
883 2960 1079 3003 vomitus.
1137 2959 1188 3001 Id
1230 2972 1359 3015 porro
1390 2973 1495 3001 vere
1523 2957 1740 3000 affirmare
1770 2971 1962 3014 possum,
2004 2957 2121 3000 cele-

277 3012 484 3055 berrimos
535 3013 720 3056 medicos
760 3021 933 3056 mortem
976 3015 1169 3071 pluribus
1210 3015 1500 3072 praedixisse,
1548 3013 1622 3069 qui
1664 3013 1791 3069 paulo
1831 3022 1930 3070 post
1968 3014 2129 3058 contra‘

279 3070 457 3112 omnium
488 3071 728 3127 opinionem
757 3072 1083 3115 convaluerunt:
1125 3073 1224 3114 vice
1262 3085 1391 3114 versa
1419 3072 1599 3114 salutem
1627 3069 1794 3123 multis,
1839 3084 1945 3127 quos
1973 3085 2120 3114 mane-

275 3127 377 3178 bat,
421 3127 497 3183 qui
529 3127 673 3169 statim
713 3134 780 3170 est
819 3136 1096 3180 consecutus,
1135 3128 1350 3172 interitus.
1421 3129 1570 3179 Quare
1609 3127 1722 3169 nulla
1765 3126 1808 3169 in
1849 3130 1931 3170 hoc
1968 3128 2117 3172 morbo

278 3198 434 3236 causa,
477 3198 589 3241 quae
630 3185 686 3226 ad
727 3186 944 3227 humanam
982 3185 1190 3228 rationem
1220 3186 1376 3240 ducat,
1420 3198 1650 3228 occurrere
1679 3183 1929 3238 quibusdam
1958 3189 2116 3242 potest.

277 3241 462 3283 Cunctis
491 3242 601 3284 enim
629 3241 767 3283 exitus
797 3241 952 3298 aliquis
980 3241 1107 3296 longe
1137 3242 1298 3285 alienus
1327 3257 1354 3284 a
1386 3241 1551 3284 ratione
1581 3240 1817 3284 accidebat.
1875 3243 2017 3298 Atque
2047 3242 2114 3285 his

278 3313 372 3341 cum
403 3299 595 3341 balneum
626 3299 872 3353 prodesset,
903 3298 987 3341 illis
1009 3298 1138 3341 nihilo
1165 3299 1304 3341 secius
1334 3299 1497 3342 oberat.
1555 3297 1594 3339 E
1626 3298 1842 3341 derelictis
1871 3304 2002 3366 atque
2030 3314 2114 3356 ope

279 3355 526 3398 carentibus
555 3356 674 3398 multi
703 3356 879 3398 abibant
907 3370 933 3398 e
961 3355 1078 3398 vita:
1110 3355 1227 3397 multi
1257 3362 1431 3411 praeter
1462 3354 1800 3411 expectationem
1830 3356 1875 3399 in
1903 3362 1996 3399 vita
2025 3371 2115 3398 ma-

278 3414 455 3457 nebant.
510 3413 676 3456 Rursus
714 3413 906 3465 curatio,
944 3413 1097 3468 quibus
1129 3412 1441 3464 adhibebatur,
1484 3412 1538 3454 iis
1566 3412 1694 3456 aliter
1723 3419 1855 3470 atque
1884 3414 2010 3456 aliter
2039 3428 2114 3456 ce-

279 3469 423 3514 debat.
481 3470 530 3514 In
559 3483 741 3524 summa,
769 3471 998 3515 salutarem
1025 3483 1146 3514 nemo
1176 3475 1311 3514 artem
1343 3469 1469 3514 ullam
1496 3469 1752 3523 invenerat,
1782 3485 1866 3528 qua
1887 3470 1956 3515 vel
1983 3467 2111 3529 prae-
