2184 3822
583 203 679 255 DE
722 201 951 254 BELLO
995 187 1289 255 PERSICO
1332 200 1374 253 Ι.
1425 197 1519 255 18.
1884 198 1962 254 91

134 341 372 412 ἔγνωσαν.
462 341 615 397 αὖτοί
636 362 690 394 τε
710 345 833 411 γοῦν
860 338 1141 411 Εὐφράτην
1167 340 1400 409 ποταμὸν
1422 340 1475 394 ἓν
1501 338 1743 414 ἀριστερᾷ
1772 337 1969 409 ἔχοντες

136 427 298 482 ὀπίσω
323 426 619 498 ἀπήλαυνον
642 428 724 480 καὶ
750 424 777 479 ὃ
798 424 1059 494 Ῥωμαίων
1082 427 1303 496 στρατὸς
1327 426 1540 480 ὄπισθεν
1566 427 1748 484 εἵπετο.
1835 424 1887 478 ἕν
1912 446 1966 479 τε
1995 436 2034 479 V
2064 436 2149 480 258

135 519 211 586 τῷ
233 511 417 587 χώρῳ,
475 506 536 567 οἷ)
561 510 624 580 δὴ
653 511 702 565 οἱ
734 507 993 582 βάρβαροι
1033 513 1084 573 ἐς
1105 510 1265 566 νύκτα
1293 510 1511 581 ἑκάστην
1547 511 1809 581 ηὐλίζοντο
1824 551 1840 577 ,
1895 509 1972 563 ἀεὶ

56 595 62 601 ’
131 596 370 667 Ῥωμαῖοι
398 603 464 670 τῇ
489 596 805 668 ἓπιγινομένῃ
836 599 978 649 νυκτὶ
1016 595 1207 664 ἔμενον.
1296 595 1598 667 Βελισάριος
1618 597 1716 668 γὰρ
1744 597 1974 665 ἐξεπίτη-

93 686 223 746 5δες
258 680 380 737 ὁδόν
414 703 529 736 τινα
562 684 717 735 πλείω
741 679 1053 751 πορεύεσθαι
1078 681 1137 734 τὸ
1160 678 1455 750 στράτευμα
1482 683 1683 752 οὖδαμῆ
1719 682 1822 748 εἷἀ,
1869 682 1978 734 ἐπεί

136 769 186 822 οἲ
218 767 312 822 οἰκ
338 762 403 836 ἦν
425 768 723 839 βουλομένῳ
759 776 869 830 τοῖς
894 768 1152 834 πολεμίοις
1178 769 1248 828 εἷς
1279 776 1455 836 χεῖρας
1489 768 1642 835 ἰέναι,
1689 766 1804 820 ἀλλ’
1844 764 1974 820 ἄπο-

130 858 262 924 χρῆν
298 851 427 927 ᾤετο
461 854 606 923 σφίσι
630 852 842 922 Πέρσας
862 874 917 907 τε
952 855 1036 906 καὶ
1065 849 1485 922 Ἀλαμούνὸαρον
1521 855 1574 915 ἐς
1608 858 1702 923 γῆν
1727 853 1821 922 τὴν
1844 850 1972 906 Ῥω·
2000 859 2038 904 Ρ
2067 859 2125 905 53

132 940 301 1007 μαίων
334 935 741 1008 έσβεβληκότας,
806 937 914 992 εἶτα
964 937 1170 991 ε’νθένὸε
1223 935 1360 990 οὕτω
1399 937 1463 1004 δὴ
1499 935 1974 1007 ἀποκεχωρηκότας,

135 1020 428 1096 ἀπράκτους
452 1024 524 1087 εἰς
556 1023 623 1078 τὰ
649 1026 805 1077 οἰκεῖα
841 1025 1157 1092 κομίζεσθαι.
1249 1022 1328 1075 διὸ
1358 1021 1422 1090 δὴ
1462 1022 1683 1085 ἅπαντες
1712 1023 1851 1096 αὐτῷ
1881 1021 1976 1076 λα’-

46 1099 124 1164 '10
136 1114 248 1180 θρα
270 1110 652 1181 ἐλοιδοροῦντο,
699 1108 942 1180 ἄρχοντές
973 1131 1027 1164 τε
1069 1111 1153 1162 καὶ
1192 1113 1536 1180 στρατιῶται,
1583 1105 1772 1173 ἐκάκιζε
1804 1108 1978 1177 μέντοι

137 1194 296 1250 αὐτὸν
324 1196 377 1257 ἔς
405 1194 531 1263 ὄψιν
562 1194 743 1257 οὐδείς.
1222 1193 1229 1196 ’

306 1284 653 1343 Τελευτῶντες
677 1281 732 1334 δὲ
755 1280 958 1351 Πέρσαι
979 1279 1073 1347 μὲν
1097 1279 1149 1332 ἐν
1174 1283 1238 1350 τῇ
1260 1283 1354 1332 τοῦ
1378 1274 1662 1350 Εὐφράτου
1690 1274 1803 1350 ᾖόνι
1829 1275 1977 1346 ηὐλί-

134 1386 325 1432 σαντο,
371 1364 406 1435 ἣ
445 1366 511 1435 δὴ
548 1363 744 1428 πόλεως
760 1367 1078 1423 Καλλινίκου
1105 1364 1376 1436 ἀντιπέρας
1400 1365 1552 1418 ἐστίν.
1642 1363 1849 1417 ἐνθένδε
1877 1363 1976 1434 γὰρ

135 1452 222 1505 διὰ
238 1449 418 1522 χώρας
445 1451 575 1523 πρὸς
601 1451 809 1514 οὐδενὸς
842 1448 1137 1522 ἀνθρώπων
1166 1450 1466 1518 οἰκουμένης
1491 1446 1805 1520 πορεύεσθαι
1831 1447 1978 1518 ἔμελ-

67 1544 122 1588 15
136 1544 253 1604 λον,
302 1536 439 1592 οὓτω
473 1558 528 1591 τε
561 1543 655 1606 τῆς
683 1535 948 1606 Ῥωμαίων
980 1542 1073 1606 γῆς
1105 1527 1582 1605 ἀπαλλαγήσεσθαι.
1673 1534 1734 1589 οὗ
1773 1534 1871 1605 γὰρ
1906 1533 1980 1587 ἔτι

134 1625 423 1678 διενοοῦπο
469 1623 624 1689 ἱέναι,
672 1621 843 1693 ὥσπερ
881 1621 947 1675 τὰ
984 1619 1242 1692 πρότερα,
1289 1626 1384 1690 τῆς
1419 1625 1512 1674 τοῦ
1551 1625 1788 1688 ποταμοῦ
1814 1618 1980 1688 ὄχθης

134 1706 377 1776 ἐχόμενοι.
460 1705 701 1775 Ῥωμαῖοι
740 1709 797 1762 δὲ
835 1705 1341 1776 διανυκτερεύσαντες
1374 1707 1429 1759 έν
1466 1703 1607 1759 πόλει
1643 1703 1860 1777 Σοῦρων
1896 1706 1978 1759 ἓν-
2006 1712 2044 1755 Β

132 1794 287 1847 θένδε
324 1813 379 1846 τε
413 1790 782 1856 ἐξαναστάντες
815 1790 1277 1859 καταλαμβάνουσι
1312 1791 1779 1859 συσκευαζομένους
1804 1790 1906 1861 ἤδη
1931 1791 1984 1853 ἐς

132 1878 230 1948 τὴν
256 1877 456 1949 ἄφοδον
478 1877 602 1941 τοὺς
627 1879 917 1946 πολεμίους.
1006 1875 1157 1948 ἑορτὴ
1183 1874 1293 1946 6έῆ
1321 1876 1582 1944 πασχαλία
1610 1876 1828 1930 ἐπέκειτο
1857 1873 1984 1945 ἦμέ-

60 1969 203 2035 'opu
214 2005 234 2031 ,
280 1964 667 2034 ἔπιγενησομένη
690 1969 755 2036 τῇ
778 1960 1025 2038 ὑστεραία
1039 2003 1055 2028 ,
1087 1960 1167 2032 >’ἣν
1191 1962 1255 2031 δὴ
1284 1962 1524 2030 σέβονται
1543 1963 1852 2031 Χριστιανοὶ
1882 1984 1984 2014 πα-

134 2054 244 2104 σῶν
281 2046 538 2118 μάλιστα,
583 2047 751 2124 ἡμέρα
774 2070 829 2103 τε
857 2054 923 2121 τῇ
952 2045 1146 2117 ταύτης
1171 2048 1398 2122 προτέρα
1424 2049 1597 2101 σιτίων
1626 2068 1679 2101 τε
1704 2050 1790 2101 καὶ
1819 2052 1982 2101 ποτοῦ

135 2133 437 2204 ἀπεχόμενοι
477 2134 538 2189 οὗ
577 2133 888 2206 διημερεύειν
921 2137 1211 2204 νενομίκασι
1244 2131 1435 2202 μόνον,
1501 2132 1634 2186 ἀλλὰ
1678 2135 1764 2186 καὶ
1804 2130 1982 2203 πόρρω

136 2242 236 2274 που
275 2217 478 2290 νήστεις
510 2225 614 2275 τῶν
653 2226 852 2274 νυκτῶν
887 2219 1029 2274 ι’έναι.
1117 2217 1232 2272 τότε
1283 2213 1375 2272 οὖν
1411 2217 1647 2281 ἅπαντας
1681 2216 1986 2290 Βελισάριος

137 2306 400 2378 ὀργῶντας
437 2307 519 2359 ἐπὶ
556 2306 680 2369 τοὺς
719 2307 994 2375 πολεμίους
1028 2301 1191 2376 ὁρῶν,
1238 2301 1434 2374 ταύτης
1469 2326 1524 2358 τε
1562 2303 1854 2375 ἀποστῆσαι
1889 2308 1983 2373 τῆς

251 2457 324 2503 12.
351 2450 492 2515 ᾔόνι]
519 2452 652 2514 ἠϊόνι
679 2455 732 2499 P.
851 2455 920 2502 15.
950 2451 1383 2513 ἀπαλλαγήσεσθαι]
1414 2450 1830 2512 α’παλλαγήσασθαι
1855 2453 1909 2496 Ρ.

135 2590 241 2629 tum.
297 2584 452 2643 Itaque
490 2583 602 2628 viam
645 2588 956 2628 converterunt
994 2582 1223 2627 secundum
1267 2582 1533 2640 Euphratem
1563 2596 1589 2626 a
1617 2582 1743 2626 laeva
1784 2585 1982 2639 praeter-

134 2642 349 2686 fluentem.
408 2642 680 2700 Sequebatur
708 2642 923 2685 exercitus
951 2642 1192 2694 Romanus,
1234 2641 1327 2690 sic,
1369 2645 1419 2683 ut
1457 2653 1541 2697 quo
1573 2638 1618 2683 in
1647 2640 1742 2683 loco
1801 2653 1982 2696 uamqua

136 2699 321 2743 Barbari
361 2708 530 2744 noctem
566 2700 809 2750 duxerant,
852 2699 1001 2742 eodem
1042 2697 1220 2742 Romani
1264 2701 1481 2754 posteram
1520 2702 1717 2752 agerent.
1813 2697 1980 2740 onsulto

136 2756 250 2800 enim
277 2756 516 2800 Belisarius
542 2771 626 2800 non
654 2757 825 2800 sinebat
854 2756 1025 2812 longius
1066 2770 1166 2799 suos
1206 2754 1436 2813 progredi,
1487 2755 1602 2812 quod
1645 2753 1854 2809 congredi
1890 2768 1984 2798 cum

136 2814 262 2857 hoste
292 2814 446 2867 nollet,
485 2813 595 2858 satis
633 2827 729 2857 esse
758 2821 903 2866 ratus,
946 2814 1104 2856 Persas
1133 2818 1179 2856 et
1206 2812 1533 2856 Alamundarum
1571 2824 1651 2869 spe
1680 2812 1854 2864 delusa,
1898 2825 1984 2867 qua

135 2870 259 2914 ducti
297 2870 342 2915 in
381 2871 503 2916 Rom.
532 2870 752 2928 imperium
783 2875 1143 2927 penetraverant,
1183 2869 1420 2925 emigrare,
1462 2873 1508 2912 et
1535 2868 1687 2912 inanes
1716 2869 1882 2911 domum
1915 2883 1984 2911 re-

85 2953 89 2957 ,
137 2927 246 2972 dire.
305 2927 593 2980 Quamobrem
634 2927 679 2971 in
719 2943 812 2972 eum
843 2941 1013 2980 omnes,
1054 2927 1198 2971 Duces
1225 2926 1349 2971 iuxta
1378 2925 1645 2983 militesque,
1686 2925 1794 2970 olam
1825 2927 1985 2983 probra

137 2984 385 3038 iactabant,
411 2986 579 3029 nemine
606 2984 650 3028 in
680 3000 728 3028 os
758 2985 987 3029 convitiari
1012 2984 1212 3028 audente.

254 3042 320 3085 sso
358 3042 522 3086 demum
562 3042 738 3086 deducti
771 3043 958 3095 Persae,
996 3048 1047 3085 ut
1073 3057 1151 3099 per
1180 3041 1394 3085 desertam
1425 3040 1550 3097 plane
1580 3039 1794 3098 regionem
1826 3038 1983 3082 facturi

138 3096 223 3142 la·
258 3098 371 3153 iter,
408 3113 462 3143 ac
503 3099 627 3144 Rom.
665 3100 825 3143 finibus
861 3099 1077 3143 excessuri
1105 3105 1251 3143 essent
1291 3099 1468 3155 (neque
1496 3097 1606 3141 enim
1636 3113 1753 3141 oram
1787 3096 1986 3149 fluminis,

141 3161 194 3198 ut
218 3155 364 3211 prius,
405 3156 553 3213 legere
582 3156 864 3213 cogitabant)
907 3157 949 3199 in
978 3156 1077 3214 ripa
1109 3156 1343 3213 Euphratis
1372 3170 1397 3198 e
1428 3155 1603 3211 regione
1638 3155 1756 3199 urbis
1786 3153 1986 3198 Callinici

141 3210 296 3255 astri·
321 3214 479 3271 positis
506 3213 775 3270 quieverunt.
836 3214 1014 3257 Romani
1046 3228 1149 3258 vero
1179 3214 1332 3266 Suris,
1360 3213 1433 3256 ubi
1463 3221 1629 3255 noctem
1658 3218 1864 3270 egerant,
1892 3224 1984 3253 cum

143 3267 396 3321 movissent,
437 3271 688 3315 convasanti
732 3273 814 3315 iam
850 3271 1173 3328 discessumque
1207 3270 1376 3314 ornanti
1407 3269 1521 3312 hosti
1551 3284 1855 3327 supervenere.
1913 3267 1984 3308 ln-

143 3323 315 3378 stabat,
341 3324 414 3371 die
440 3341 592 3385 nempe
621 3329 921 3372 celebrandum
953 3328 1173 3385 proxima,
1202 3329 1355 3371 festum
1386 3326 1623 3379 Paschale‚
1664 3327 1775 3384 quod
1805 3323 1982 3369 omnium

144 3389 214 3424 est
238 3380 546 3428 sanctissimum
575 3385 862 3439 Christianis,
894 3386 949 3428 ob
979 3385 1023 3429 id
1052 3386 1190 3429 solitis
1220 3384 1361 3442 pridie
1394 3398 1476 3428 non
1506 3384 1617 3427 diem
1646 3385 1770 3427 modo
1805 3379 1982 3424 solidum

144 3437 330 3482 transire
365 3438 459 3483 sine
495 3442 593 3485 cibo
633 3457 685 3485 ac
727 3451 859 3501 potu,
905 3442 982 3486 sed
1011 3442 1066 3486 ad
1096 3442 1265 3487 multam
1295 3441 1421 3485 etiam
1451 3446 1616 3485 noctem
1646 3439 1844 3483 ieiunium
1876 3450 1977 3492 pro-

143 3494 330 3539 trahere.
391 3494 456 3540 Ro
497 3504 711 3556 tempore,
757 3514 850 3544 cum
882 3501 1095 3547 Romanos
1135 3498 1178 3543 in
1208 3512 1393 3559 pugnam
1422 3498 1591 3556 prurire
1620 3497 1979 3543 animadverteret
