2254 3814
366 167 488 226 386
1118 157 1451 212 PROCOPII

363 303 716 379 ἑβδομήκοντα
762 300 990 362 σταδίοις
1041 304 1288 361 τοσοῦτος
1335 296 1464 352 ὥστε
1507 290 1712 362 εῗκόιζειν
1751 294 1873 358 τοὺς
1905 295 2198 363 θεωμένους

365 393 644 462 δισμυρίων
667 388 918 455 πολεμίων
946 385 1004 438 τὸ
1029 384 1174 455 ἔργον
1195 382 1335 439 εἶναι.

532 473 687 531 Κατὰ
715 474 770 525 δὲ
800 471 890 524 τὸν
916 471 1073 523 αὐτὸν
1094 468 1282 542 χρόνον
1307 474 1357 522 Γ
1353 461 1666 537 ιβαμοῦνδός
1688 486 1743 518 τε
1778 465 1862 517 καὶ
1889 465 1937 518 οἳ
1966 467 2198 533 δισχίλιοι

363 556 488 632 ἧκον
513 561 563 621 ἒς
586 559 759 612 πεδίον
785 554 922 610 ἁλῶν
937 597 952 622 ,
1000 553 1123 626 ὅπερ
1150 551 1532 625 τεσσαράκοντα
1553 552 1645 620 μὲν
1671 552 1896 612 σταδίοις
1923 556 2015 603 τοῦ
2041 552 2199 603 Δεκί-

363 669 465 716 μου
509 644 676 712 ἀπέχει
712 644 764 695 ἓν
800 641 1044 713 ἀριστερᾷ
1080 642 1131 702 ἒς
1162 637 1477 709 Καρχηδόνα
1513 635 1668 702 ἰόντι,
1716 633 2005 702 ἀνθρώπων
2028 637 2084 687 δὲ
2117 638 2241 689 καὶὸ

367 731 590 800 δένδρων
620 730 703 781 καὶ
740 726 898 780 ἄλλου
937 723 1151 779 ὁτουοῦν
1180 723 1367 794 ἔρημόν
1405 726 1540 788 ἔστι,
1581 727 1675 790 τῆς
1697 726 1790 774 τοῦ
1818 720 2011 781 ὓδατος
2034 718 2201 789 ἅλμης

300 821 339 862 Β
370 816 494 870 ἄλλο
538 814 686 867 οὐδὲν
722 812 952 865 ἐνταῦθα
988 811 1119 879 πλὴν
1152 810 1273 872 τοὺς
1298 810 1426 872 ἅλας
1446 806 1608 876 ε’ώσης
1642 807 1932 877 γίγνεσθαι·
1979 805 2110 858 ἔνθα
2137 805 2201 873 δὴ

364 910 474 963 τοῖς
517 898 732 960 Οὔννοις
759 894 1191 967 περιπεπτωκότες
1245 894 1508 949 ἀπώλοντο
1550 889 1749 954 πάντες.
1847 885 1911 959 ἦν
1949 891 2006 943 δέ
2045 911 2121 952 τις
2150 891 2204 943 ἐν

365 995 476 1048 ’τοῖς
502 983 873 1052 Μασσαγέταις
900 982 1028 1051 ἀνὴρ
1044 1023 1059 1047 ,
1099 981 1334 1050 ἀνδρείας
1357 982 1451 1049 μὲν
1478 981 1561 1033 καὶ
1585 975 1759 1046 ἰσχύος
1792 970 1845 1029 εὖ
1880 975 2017 1044 ἥκων
2030 1017 2047 1042 ,
2095 976 2204 1028 ὀλί-

363 1094 467 1143 γων
497 1071 552 1123 δὲ
587 1066 864 1139 ἡγούμενος
904 1067 1136 1136 ἀνδρῶν·
1193 1059 1345 1128 οὗτος
1378 1064 1476 1133 εῗχε
1511 1063 1662 1134 γε’ρας
1697 1064 1751 1115 ἔκ
1784 1063 2017 1131 πατέρων
2044 1082 2098 1114 τε
2119 1061 2202 1113 καὶ
2220 1071 2254 1114 11

365 1153 632 1228 προγόνων
656 1155 711 1206 ἐν
737 1158 861 1206 πᾶσι
885 1161 992 1214 τοῖς
1010 1152 1272 1213 Οὗννικοῒς
1296 1147 1640 1220 στρατεύμασι
1663 1152 1865 1215 πρῶτος
1888 1149 1939 1208 ἐς
1965 1146 2087 1208 τοὺς
2110 1167 2208 1198 πο-

368 1243 571 1310 λεμίους
595 1236 875 1306 ἐσβάλλειν.
964 1237 1023 1289 οὐ
1051 1236 1148 1306 γὰρ
1173 1231 1234 1304 ἦν
1257 1235 1472 1303 θεμιτὸν
1496 1234 1643 1303 ἀνδρὶ
1671 1232 1993 1302 Μασσαγὲτῃ
2014 1227 2209 1302 προτό-

366 1343 529 1395 ψαντι
553 1326 605 1377 ἓν
626 1321 766 1393 μάχῃ
791 1328 894 1376 τῶν
920 1343 1034 1374 τινα
1059 1322 1314 1389 πολεμίων
1335 1325 1530 1386 βαλεῖν,
1555 1320 1673 1388 πρίν
1695 1338 1748 1385 γε
1775 1314 1839 1384 δή
1868 1339 1980 1370 τινα
2007 1318 2060 1369 ἐκ
2081 1312 2208 1368 ταί·-

369 1432 463 1480 της
489 1415 581 1478 τῆς
608 1410 766 1470 οῗκίας
794 1409 845 1469 ἒς
870 1407 994 1468 τούς
1020 1410 1297 1474 πολεμίους
1321 1412 1425 1459 τῶν
1444 1410 1628 1475 χειρῶν
1655 1402 1822 1471 ἄρξαι.
1881 1395 2029 1464 οὗτος
2055 1402 2204 1472 ἀνὴρ,

371 1495 542 1563 ἐπειδὴ
567 1494 633 1547 τὰ
661 1490 1023 1564 στρατεύματα
1046 1492 1105 1546 οὗ
1133 1489 1310 1561 πόρρω
1336 1490 1435 1544 ἀπ’
1464 1487 1699 1558 ἀλλήλων
1727 1488 1933 1558 ἐγένετο,
1971 1484 2208 1550 ἐξελάσας
2224 1495 2254 1539 1!

310 1587 348 1629 C
385 1579 474 1635 τὸν
506 1582 665 1632 ἰ’ππον
681 1619 697 1644 ,
744 1584 838 1632 τοῦ
861 1583 965 1631 τῶν
990 1579 1258 1631 Βανδίλων
1282 1575 1632 1646 στρατοπέδου
1668 1572 1828 1642 μόνος
1863 1574 1932 1636 ὡς
1956 1569 2209 1642 ἐγγυτάτω

369 1666 509 1735 ἵστη.
567 1665 614 1718 οἳ
642 1665 696 1718 δὲ
722 1666 987 1728 Βανδίλοι,
1033 1662 1067 1731 ἢ
1094 1662 1188 1731 τὴν
1208 1667 1300 1716 τοῦ
1327 1661 1515 1731 ἀνδρὸς
1539 1660 1789 1728 εὐψυχίαν
1811 1658 2212 1728 καταπλαγέντες

374 1752 403 1820 ἢ
431 1751 519 1805 καί
540 1772 587 1803 τι
612 1749 734 1811 τοὺς
768 1750 1041 1815 πολεμίους
1079 1745 1497 1816 ὖποτοπήσαντες
1537 1747 1589 1808 ἐς
1628 1745 1818 1807 αὖτούς
1851 1750 2206 1813 μηχανᾶσθαι,

371 1836 486 1891 οὔτε
516 1841 769 1889 κινεῖσθαι
797 1833 913 1887 οὔτε
949 1834 1039 1887 τὸν
1074 1832 1240 1904 ἄνδρα
1267 1838 1444 1901 βαλεῖν
1465 1831 1706 1902 ἔγνωσαν.
1776 1829 1916 1897 οἶμαι
1942 1833 1998 1883 δὲ
2022 1829 2211 1890 αὐτοὺς

371 1919 638 1976 οὐπώποτε
653 1922 1018 1988 ΖΠασσαγετῶν
1038 1916 1208 1987 μόχην
1231 1919 1283 1970 ἓν
1310 1921 1458 1992 πείρᾳ
1481 1917 1706 1986 ἔχοντας,
1737 1914 2016 1978 ἀκούοντας
2044 1917 2099 1969 δὲ
2124 1928 2254 1972 aco-z

371 2009 495 2075 μιὸῆ
520 2002 744 2074 μάχιμον
761 2004 818 2058 τὸ
844 2004 997 2066 ἔθνος
1022 2002 1164 2070 εἶναι,
1197 2002 1331 2057 οὕτω
1356 2003 1418 2071 δὴ
1436 2004 1826 2073 κατορρωδῆσαι
1849 2002 1937 2054 τὸν
1958 2004 2208 2055 κίνδυνον.

374 2090 706 2162 ἀναστρέψας
732 2090 788 2143 δὲ
815 2090 867 2151 ἐς
904 2089 1024 2152 τοὺς
1061 2086 1356 2162 ὁμοφύλους
1393 2086 1421 2143 ὃ
1457 2087 1737 2159 ἄνθρωπος
1768 2085 1926 2151 ἔλεξεν
1960 2080 2087 2154 ὧδε,
2143 2084 2212 2149 ὡς

487 2241 531 2286 3.
561 2237 755 2296 χρόνον]
793 2235 972 2296 τρόπον
1012 2238 1074 2281 A:
1114 2236 1283 2295 χρόνον
1311 2237 1426 2282 inter
1452 2251 1621 2283 versus.
1744 2238 1787 2282 7.
1812 2235 1924 2289 τούς
1951 2234 2096 2291 ἅλας]
2125 2236 2214 2280 τοῦ

485 2293 602 2348 ἅλοις
630 2297 724 2339 HL.
871 2299 912 2342 8.
948 2293 1180 2353 Οὔννοις]
1226 2292 1428 2347 Οῧννοις
1468 2298 1502 2340 P
1532 2297 1604 2340 hic
1643 2296 1690 2338 et
1717 2295 1820 2339 alibi
1848 2295 2085 2339 interdum:
2117 2307 2211 2337 cum

488 2354 643 2411 spiritu
672 2352 757 2396 leni
787 2354 918 2396 AHL.
1038 2357 1106 2400 13.
1135 2356 1292 2413 βαλεῖν
1319 2353 1496 2399 HmLm.
1551 2353 1710 2412 λαβεῖν
1733 2353 1786 2399 P.
1916 2355 1987 2398 19.
2018 2349 2125 2399 οὔτε
2153 2375 2211 2383 -

490 2410 630 2467 οὔτε]
668 2408 781 2456 οὐδὲ
806 2435 862 2444 -
886 2409 999 2457 οὐδὲ
1029 2411 1080 2455 Ρ.

377 2538 517 2598 spatio
558 2542 704 2594 strage
733 2538 1022 2583 Vandalorum
1052 2539 1193 2594 edita,
1229 2544 1279 2584 ut
1306 2538 1421 2584 illam
1447 2538 1743 2600 spectantibus
1780 2538 1966 2597 gessisse
2008 2553 2097 2582 rem
2125 2553 2210 2597 pu-

378 2606 601 2654 gnatorum
631 2611 702 2639 xx.
725 2609 771 2638 Μ.
802 2596 1066 2642 viderentur.
2252 2607 2254 2611 “

493 2653 654 2696 Eodem
685 2660 874 2710 tempore
904 2654 1198 2698 Gibamundus
1226 2657 1300 2706 et,
1340 2668 1450 2711 quos
1494 2654 1702 2708 ducebat,
1740 2653 1806 2697 bis
1835 2653 1973 2707 mille,
2003 2656 2213 2697 venerunt
2244 2696 2251 2709 ¹

378 2711 422 2754 in
455 2724 648 2765 campum
678 2711 806 2762 salis,
849 2726 876 2754 a
904 2712 1079 2756 Decimo
1107 2711 1260 2755 stadiis
1288 2725 1360 2754 xta.
1391 2712 1613 2764 dissitum,
1653 2711 1923 2769 positumque
1962 2712 2015 2755 ad
2047 2714 2212 2755 laevam
2247 2735 2254 2763 χ

379 2768 520 2811 euntis
550 2769 866 2822 Carthaginem.
926 2769 970 2812 Is
999 2770 1193 2812 domibus
1233 2769 1544 2826 arboribusque
1583 2783 1742 2813 vacuus
1782 2783 1833 2811 ac
1864 2770 1988 2825 plano
2018 2766 2247 2811 desertus*

382 2831 474 2870 est.
516 2838 651 2879 aquae
680 2825 894 2880 salsugine
936 2827 1043 2869 nihil
1072 2827 1133 2869 ibi
1163 2825 1305 2877 aliud,
1346 2827 1427 2869 nisi
1457 2827 1611 2878 salem,
1651 2826 1818 2870 sinente
1845 2826 1978 2870 nasci.
2036 2826 2121 2868 Hic
2149 2825 2214 2869 illi

380 2882 427 2924 in
456 2881 634 2923 Hunnos
662 2895 753 2924 cum
784 2882 1064 2936 incidissent,
1103 2882 1159 2925 ad
1200 2883 1535 2927 internecionem
1579 2883 1695 2927 caesi
1722 2888 1835 2926 sunt.
1894 2883 2012 2925 Inter
2042 2884 2214 2926 Massa-

382 2943 506 2994 getas
535 2937 706 2994 quidam
735 2945 831 2981 erat
861 2941 984 2996 parvi
1013 2940 1190 2996 agminis
1220 2940 1334 2994 dux,
1365 2955 1519 2997 magno
1555 2941 1624 2984 vir
1653 2940 1788 2984 animo
1822 2944 1868 2982 et
1900 2942 2054 2983 robore
2084 2955 2215 2996 prae·
2252 2982 2254 2986 Α

383 2996 498 3038 ditus
517 3024 530 3044 ‚
577 2994 654 3048 qui
696 3003 877 3051 paterno
920 2997 1115 3054 adeoque
1156 2997 1272 3041 avito
1301 2998 1394 3041 iure
1424 2997 1693 3055 privilegium
1732 2998 1815 3040 hoc
1843 2998 2058 3050 habebat,
2087 3004 2137 3041 ut
2167 2997 2254 3043 inu:

384 3050 536 3107 quovis
564 3051 814 3094 Hunnorum
844 3054 1037 3096 exercitu
1081 3053 1240 3111 primus
1279 3056 1442 3098 hostem
1473 3055 1797 3110 aggrederetur.
1857 3055 2028 3097 Etenim
2058 3053 2212 3098 nemini
2248 3056 2254 3098 ¹.

384 3109 725 3162 Massagetarum
754 3108 911 3152 licebat
941 3111 1123 3153 hostium
1154 3125 1403 3168 quemquam
1432 3111 1477 3153 in
1506 3111 1598 3153 acie
1625 3110 1743 3167 prius
1771 3111 1932 3163 ferire,
1977 3127 2100 3168 quam
2131 3111 2212 3155 ali·
2247 3134 2254 3148 ·.

386 3164 482 3223 quis
511 3177 564 3207 ex
594 3179 645 3206 ea
674 3166 796 3208 domo
826 3173 871 3208 et
896 3168 1034 3223 stirpe
1064 3182 1245 3224 pugnam
1276 3167 1575 3211 lacessivisset.
1634 3169 1716 3211 Vir
1743 3168 1842 3221 ille,
1873 3184 1965 3211 cum
1996 3178 2140 3212 essent
2166 3171 2212 3213 in
2248 3180 2254 3223 ξ

385 3220 627 3280 propinquo
670 3227 879 3279 utraeque
920 3225 1097 3280 copiae,
1137 3224 1319 3267 admisso
1361 3239 1496 3281 equo,
1539 3224 1654 3267 solus
1697 3226 1885 3282 proxime
1927 3227 2246 3270 Vandalorum'

387 3278 520 3323 aciem
562 3278 768 3322 constitit.
831 3281 987 3323 Verum
1027 3280 1072 3323 hi
1110 3294 1189 3322 nec
1228 3295 1402 3324 movere
1441 3295 1516 3330 se,
1558 3296 1639 3325 nec
1679 3283 1780 3326 telis
1820 3284 2024 3327 hominem
2064 3286 2254 3340 petere

389 3336 646 3387 voluerunt3
687 3342 734 3378 at
775 3336 869 3380 sive
909 3338 1000 3381 eius
1029 3337 1207 3380 audacia
1236 3338 1436 3390 attoniti,
1476 3339 1569 3382 sive
1598 3346 1771 3396 paratas
1800 3342 1854 3383 ab
1885 3343 2006 3384 hoste
2033 3341 2212 3384 insidias
2244 3338 2254 3393 {5

389 3392 621 3449 suspicati,
659 3393 906 3436 haerebant.
964 3395 1056 3437 Eos
1099 3393 1278 3450 opinor,
1328 3410 1419 3438 cum
1461 3396 1800 3453 Massagetarum
1840 3413 1957 3441 arma
1999 3411 2211 3454 nunquam

391 3453 535 3494 esseut
565 3450 759 3508 experti,
786 3451 864 3495 sed
891 3451 1003 3496 fama
1030 3456 1194 3496 tantum
1221 3452 1492 3510 accepissent
1519 3461 1686 3511 gentem
1715 3469 1809 3499 esse
1836 3454 2209 3509 bellicosissimam,
