2254 3814
271 127 304 180 5
314 126 346 181 3
356 126 390 180 2
1019 123 1350 178 PROCOPII

92 277 128 318 P
159 277 241 320 305
272 268 355 319 καὶ
387 271 612 338 ταραχῆς
649 263 777 334 μέγα
808 284 854 315 τι
886 267 1079 333 χρῆμα.
1166 261 1472 333 αἲσθόμενοί
1502 285 1556 318 τε
1591 258 1807 333 ταύτης,
1855 260 1963 316 ὅσοι
1990 269 2090 317 τῶν

257 350 530 422 Ἀρμενίων
574 352 687 420 περὶ
722 348 842 409 τοὺς
877 345 1128 417 τυράννου
1166 347 1402 422 φύλακας
1434 353 1678 414 ἵσταντο,
1737 349 1832 410 τὰς
1869 348 2089 412 ἀσπίδας

265 435 423 499 evi-9139
443 431 730 502 ἀνελόμενοι
754 432 884 486 κατὰ
911 433 974 486 τὰ
1000 435 1142 504 σφίσι
1168 437 1459 504 ξυγκειζιιενα
1474 436 1551 487 ἐπὶ
1574 434 1668 496 τὰς
1689 431 1937 500 στιβάδας
1962 431 2088 502 ἐχώ-

267 543 390 592 ρουν
415 516 622 591 δρόμῳ,
670 521 752 572 καὶ
778 512 899 580 τοῦς
919 539 972 571 τε
996 521 1283 581 Βανδίλους
1307 518 1600 588 ξύμπαντας
1636 516 1756 580 τούς
1793 540 1847 571 τε
1877 523 1928 571 Γ
1925 516 2088 572 offid-

266 608 366 675 ριδι
392 604 701 673 ἐπιτηδείους
736 603 961 669 ἀνεῖλον,
1011 603 1214 666 οὐδενὸς
1245 607 1417 676 σφίσιν
1453 605 1891 666 ἀντιστατοῦντος.
1973 601 2129 667 τότε5

258 687 574 760 Ἀρταβάνης
613 689 702 743 τὸν
735 686 1043 742 Ἀθανάσιον
1083 688 1404 760 ἐμαρτύρατο
1441 693 1786 757 ἐπιμελεῖσθαι
1808 694 1909 742 τῶν
1934 689 1985 741 ἓν
2014 695 2089 762 τῷ

262 776 498 848 παλατίῳ
533 768 827 844 χρημάτων.
916 772 1014 827 ὅσα
1034 774 1131 843 γὰρ
1151 775 1454 848 Ἀρεοβίνδῳ
1482 776 1728 829 ἐλέλειπτο
1755 775 1986 828 ἐνταῦθα
2015 773 2087 828 εἷ-

262 882 361 914 ναι.
409 861 516 913 ἐπεὶ
547 860 602 913 δὲ
630 860 678 912 οἱ
703 857 925 931 φύλακες
947 859 1039 929 τὴν
1067 864 1117 913 Γ
1114 858 1394 932 ονθάριδος
1421 860 1660 928 τελευτὴν
1688 859 1889 928 ἔμαθον
1909 901 1921 919 ,
1968 864 2086 922 ξυν-

255 942 546 999 ετάσσοντο·
583 953 692 1007 τοῖς
724 944 1004 1015 Ἀρμενίοις
1040 945 1224 999 αὐτίκα
1251 948 1447 1004 πολλοί.
1533 951 1626 1016 τῆς
1649 946 1747 1016 γὰρ
1764 945 2086 1014 Ἀρεοβίνδου

254 1031 415 1092 οἰκίας
452 1031 500 1083 οἳ
538 1035 762 1083 πλεῖστοι
803 1025 952 1099 ἦσαν.
1039 1030 1488 1102 ξυμφρονήσαντες
1529 1033 1700 1086 τοίνυν
1731 1031 2087 1083 Ἰουστινιανόν
2104 1050 2158 1091 10
2231 1060 2234 1109 ζ

254 1114 479 1183 ἀνεβόων
512 1117 812 1170 καλλίνικον.
901 1115 936 1183 ἣ
975 1136 1029 1169 τε
1065 1117 1208 1186 φωνὴ
1244 1123 1496 1187 προϊοῦσα
1535 1118 1628 1184 μὲν
1656 1117 1708 1168 ἐκ
1736 1113 1974 1183 πλήθους
1995 1115 2088 1168 ἄν-

192 1220 230 1262 Β
260 1198 518 1271 θρώπων,
575 1202 768 1263 ἐξαισία
805 1202 862 1253 δὲ
904 1197 1180 1271 ὖπερφυῶς
1218 1195 1350 1255 οὖσα
1383 1203 1436 1264 ἐς
1469 1198 1617 1256 πόλιν
1652 1202 1956 1264 ἐξικνεῖσθαι
1992 1201 2087 1270 τὴν

254 1285 449 1354 πολλὴν
483 1286 701 1354 ἴσχυσεν.
791 1284 998 1338 ἐνθένδε
1034 1286 1084 1339 οἶ
1107 1292 1180 1359 τῷ
1207 1293 1415 1354 βασιλεῖ’
1441 1286 1676 1348 εὐνοϊκῶς
1705 1285 1899 1354 ἔχοντες
1928 1287 2086 1354 ἕσπη-

253 1367 501 1439 δήσαντες
530 1374 579 1432 ἐς
603 1376 706 1424 τῶν
732 1376 1031 1424 στασιωτῶν
1057 1371 1151 1433 τὰς
1181 1374 1342 1435 οῖκίας
1377 1372 1500 1435 τοὺς
1534 1374 1630 1440 μὲν
1657 1370 1817 1424 ὕπνον
1844 1371 2085 1440 αἱρουμέ-

250 1477 372 1518 νους
384 1496 401 1522 ,
442 1455 563 1517 τοὺς
587 1456 643 1508 δὲ
665 1457 830 1522 σιτία,
877 1457 1040 1518 ἐνίους
1069 1458 1125 1510 δὲ
1147 1455 1531 1526 θαμβήσαντάς
1554 1479 1608 1512 τε
1632 1462 1705 1531 τῷ
1729 1457 1824 1511 δέει
1850 1459 1931 1510 καὶ
1954 1457 2084 1511 ἇπο-
2100 1470 2155 1514 15
2218 1461 2225 1524 J

252 1543 337 1615 ρίᾳ
361 1544 496 1612 δεινῇ
538 1541 807 1610 ἐχομένους
847 1540 1004 1604 εὐθὺς
1040 1538 1277 1597 ἔκτειναν.
1367 1545 1420 1596 ἐν
1446 1552 1554 1606 τοῖς
1586 1545 1670 1597 καὶ
1693 1543 1984 1612 Πασίφιλος
2006 1537 2086 1612 ἦν.

246 1624 485 1695 Ἰωάννης
519 1626 615 1697 γὰρ
658 1626 747 1690 ξὺν
783 1628 1052 1681 Βανδίλων
1091 1630 1223 1682 τισὶν
1259 1630 1311 1691 ἐς
1350 1628 1410 1683 τό
1436 1627 1570 1701 ἱερὸν
1599 1624 1916 1699 καταφεύγει.
2009 1626 2084 1690 οἷς

250 1712 314 1780 δὴ
333 1709 653 1782 Ἀρταβάνης
678 1712 743 1765 τὰ
784 1712 940 1765 πιστὰ
978 1711 1367 1783 παρασχόμενος
1395 1713 1546 1768 ἔνθεν
1573 1736 1627 1768 τε
1653 1710 2002 1782 ἐξαναστήσας
2032 1715 2083 1775 ἔς

246 1795 530 1863 Βυζάντιον
554 1796 748 1866 ἔπεμψε
771 1800 853 1850 καὶ
879 1797 973 1867 τὴν
997 1797 1144 1852 πόλιν
1157 1796 1769 1867 βασιλεΐοῖνασωσάμενος
1794 1795 2079 1871 διεφύλαξε.

244 1883 410 1953 γέγονε
438 1884 493 1936 δὲ
516 1879 542 1936 ὃ
571 1888 665 1936 τοῦ
703 1880 958 1954 τυράννου
999 1882 1156 1955 φόνος
1184 1885 1303 1957 ἕκτῃ
1326 1887 1410 1938 καὶ
1435 1890 1712 1956 τριακοστῇ
1738 1884 1838 1938 ἀπὸ
1867 1890 1959 1952 τῆς
1988 1906 2076 1937 τυ-
2093 1902 2151 1945 20

245 1970 479 2037 ραννίδος
503 1965 698 2043 ἡμέρᾳ,
730 1967 908 2020 ἔνατον
939 1971 1022 2021 καὶ
1059 1971 1269 2024 δέκατον
1305 1969 1416 2034 ἔτος
1446 1970 1805 2026 ’Iuvanum-05
1829 1971 2082 2038 βασιλέως

243 2053 339 2123 τὴν
368 2049 725 2125 αὐτοκράτορα
748 2052 911 2123 ἀρχὴν
936 2051 1152 2122 ἔχοντος.

357 2245 427 2288 21.
458 2241 659 2297 ἔνατον]
693 2241 885 2289 ἔννατον
913 2243 965 2286 Ρ.

245 2426 466 2478 Exortum,
498 2438 620 2481 quem
649 2438 721 2468 res
750 2425 845 2483 ipsa
874 2440 952 2483 per
982 2438 1029 2469 se
1057 2427 1240 2480 ferebat,
1275 2429 1498 2473 clamorem
1527 2427 1836 2486 tumultumque
1862 2429 2075 2484 ingentem

245 2490 292 2526 ut
323 2482 500 2539 primum
531 2482 763 2526 exaudiere
792 2483 995 2537 Armenii,
1026 2485 1098 2541 qui
1127 2486 1239 2542 apud
1269 2487 1443 2542 tyranni
1465 2485 1737 2529 excubitores
1779 2487 2076 2540 constiterant,

244 2547 422 2595 repente
452 2553 622 2591 omnes,
679 2539 856 2596 sumptis
887 2554 939 2583 ex
969 2548 1189 2599 compacto
1219 2542 1384 2600 clypeis
1413 2543 1468 2587 ad
1498 2542 1694 2586 accubita
1723 2543 1970 2596 convolant,
2011 2557 2076 2596 ac,

243 2597 357 2638 nullo
387 2596 636 2649 obsistente,
666 2597 884 2640 Vandalus
911 2605 956 2640 et
976 2599 1261 2643 Gontharidis
1285 2600 1516 2644 familiares
1537 2599 1592 2643 ad
1621 2599 1947 2644 internecionem
1974 2614 2075 2643 cae-

243 2653 367 2696 dunt.
425 2655 537 2697 Tum
567 2654 800 2698 Athanasio
830 2654 1054 2698 denuntiat
1084 2658 1336 2710 Artabazum,
1365 2658 1431 2701 uti
1457 2671 1592 2714 gazae
1619 2656 1664 2699 in
1686 2657 1845 2716 palatio
1873 2657 2074 2701 recondi·

241 2715 315 2754 tae
343 2716 518 2760 caveat,
561 2712 723 2767 quippe
751 2726 911 2755 omnem
942 2727 1036 2755 esse
1068 2713 1130 2756 ibi
1160 2715 1404 2770 pecuniam,
1443 2728 1567 2771 quam
1594 2715 1838 2772 reliquisset
1863 2714 2075 2758 Areobin-

241 2769 334 2810 dus.
393 2767 568 2810 Demum
598 2768 892 2821 excubitores»,
938 2770 1084 2813 audita
1121 2786 1226 2814 nece
1267 2770 1573 2824 Gontharidis,
1617 2773 1812 2829 quoniam
1841 2771 2072 2814 Areobindi

239 2823 437 2881 plerique
467 2824 691 2866 domestici
719 2826 911 2877 fuerant,
946 2827 1092 2870 statim
1125 2829 1335 2871 Armeniis
1363 2828 1595 2872 adiunxere
1623 2843 1672 2873 se
1699 2843 1852 2886 magno
1882 2843 2071 2880 numero,

240 2886 284 2924 et
311 2895 397 2924 una
423 2894 532 2924 voce
562 2881 839 2925 Iustinianum
866 2884 1072 2927 victorem
1110 2888 1326 2942 egregium
1356 2886 1686 2943 proclamarunt.
1745 2889 1781 2929 A
1810 2887 1938 2928 turba
1969 2885 2068 2927 mis-

238 2951 311 2980 sus
340 2938 557 2994 frequenti
585 2939 756 2990 clamor,
787 2946 833 2982 et
859 2939 1151 2986 incredibilem
1179 2943 1223 2986 in
1251 2943 1420 2986 modum
1449 2943 1762 2995 convalescens,
1792 2944 1847 2986 ad
1877 2956 2069 2996 magnam

236 2995 354 3037 urbis
385 3001 548 3051 partem
578 3008 625 3038 se
655 2995 819 3038 extulit.
878 2997 956 3041 Illo
987 2999 1135 3051 exciti,
1167 3000 1238 3057 qui
1267 3001 1520 3056 Imperatori
1547 3001 1766 3052 favebant,
1794 3000 1838 3041 in
1864 3000 2070 3041 factioso-

234 3066 325 3095 rum
357 3051 502 3095 domos
531 3052 794 3108 irrumpunt,
823 3059 952 3110 atque
983 3057 1059 3098 hos
1089 3070 1301 3108 somnum,
1330 3057 1426 3100 illos
1453 3057 1594 3100 cibum
1624 3057 1859 3113 capientes.
1891 3056 2069 3097 nonnul-

234 3109 298 3151 los
327 3115 442 3152 metu
473 3109 680 3152 attonitos
716 3109 948 3166 inopesque
976 3114 1165 3168 consilii,
1209 3114 1320 3157 nulla
1360 3113 1615 3170 interposita
1642 3127 1782 3166 mora,
1823 3112 2067 3155 trucidant:

235 3180 322 3223 qua
361 3167 585 3210 occasione
613 3166 861 3222 Pasiphilus
902 3169 1044 3223 periit.
1101 3171 1280 3214 Ioannes
1320 3185 1414 3214 cum
1444 3169 1644 3213 Vandalis
1681 3171 1842 3222 aliquot
1872 3169 2067 3226 profugit

235 3223 280 3266 in
307 3223 533 3279 templum
565 3237 686 3280 quos,
714 3223 815 3266 inde
843 3224 930 3266 fide
960 3225 1134 3281 publica
1163 3228 1359 3279 eductos,
1387 3227 1642 3285 Byzantium
1670 3227 1782 3269 misit
1814 3227 2064 3276 Artabannes,

232 3284 276 3322 et
313 3281 552 3323 restitutam
594 3279 748 3323 ditioni
787 3281 1028 3324 Caesareae
1073 3283 1379 3339 Carthaginem
1417 3283 1662 3328 custodivit.
1735 3285 1960 3326 Patratum
1999 3290 2066 3325 est

232 3337 561 3393 tyrannicidium
595 3337 666 3379 die
694 3337 906 3382 tricesimo
935 3344 1058 3383 sexto
1087 3346 1188 3397 post
1215 3345 1465 3399 occupatam
1498 3340 1790 3398 tyrannidem,
1843 3354 1953 3383 anno
1982 3339 2064 3382 im-

234 3394 346 3450 perii
381 3393 604 3438 Iustiniani
634 3408 724 3438 xlx.
