2254 3814
356 147 479 207 334
1098 151 1431 206 PROCOPII

352 291 508 348 πάλαι
548 291 860 361 κεκτημένοις
892 291 956 344 τὰ
992 292 1158 362 χωρία
1196 298 1362 346 ταῦτα
1401 293 1649 347 πένεσθαί
1666 316 1720 348 τε
1747 293 1818 357 ῶς
1837 293 2062 362 μάλιστα
2086 300 2172 349 καὶ

312 403 315 408 ·
349 379 635 448 ἐλευθέροις
673 376 794 430 εἶναι
833 377 1146 445 ξυνέβαινεν·
1202 373 1265 445 ῆν
1300 380 1355 431 δὲ
1391 379 1564 441 αὐτοῖς
1607 381 1658 432 ἐν
1696 381 1900 454 ἐξουσία
1939 384 2022 433 καὶ
2071 380 2169 450 ὅπη

347 464 612 532 βούλοιντο
655 459 1097 516 ἀπαλλάσσεσθαι.
1186 465 1271 516 καὶ
1306 463 1371 516 τὰ
1403 465 1498 532 μὲν
1529 466 1694 533 χωρία
1723 462 2024 533 ξύμπαντα,
2070 463 2168 519 ὅσα

283 566 319 607 Β
351 558 456 610 τοῖς
489 569 543 601 τε
574 550 718 600 παισὶ
750 549 833 599 καὶ
866 555 974 609 τοῖς
1001 547 1174 610 ἄλλοις
1208 549 1482 611 Βανδίλοις
1517 554 1566 602 Γ
1561 550 1768 620 ιζέριχος
1800 548 2164 620 παραδεδώκει,

345 634 582 700 οὐδεμιᾶς
614 631 777 702 φόρου
810 632 1083 702 ἀπαγωγῆς
1113 630 1334 702 ὗποτελῆ
1360 634 1610 687 ἐκέλευσεν
1639 632 1780 688 εἶναι.
1868 640 1962 703 τῆς
1991 636 2047 688 δὲ
2076 642 2210 704 γῆς5

345 717 438 786 ὅση
477 718 525 770 οἳ
565 717 657 770 οὐκ
699 717 874 786 ἀγαθὴ
916 716 1084 780 ἔδοξεν
1125 716 1274 785 εἶναι,
1333 718 1495 790 ἀφῆκε
1525 727 1634 781 τοῖς
1683 717 1932 790 πρότερον
1968 719 2166 787 ἔχουσι,

342 808 572 856 τοσαῦτα
611 803 813 855 ἐνθένδε
859 807 931 874 τῷ
972 805 1201 876 δημοσίῳ
1241 803 1491 875 φέρεσθαι
1514 802 1672 867 τάξας
1697 804 1824 858 ῶστε
1850 803 1967 858 οὐδ’
2001 802 2170 859 ὁτιοῦν
2220 839 2222 841 >

342 894 516 957 περιῆν
549 896 656 950 τοῖς
692 887 757 941 τὰ
794 889 958 958 χωρία
989 888 1055 941 τὰ
1088 889 1310 959 σφέτερα
1350 889 1519 943 αὐτῶν
1558 889 1773 958 ἔχουσιν.
1864 889 2073 960 ἔφευγον
2111 891 2168 943 δὲ

343 976 523 1027 πολλοὶ
546 975 629 1027 καὶ
651 973 943 1026 ἐκτείνοντο.
1034 975 1190 1027 αἰτίαι
1224 975 1321 1045 γὰρ
1347 974 1520 1037 αὐτοῖς
1542 977 1731 1028 πολλαί
1764 996 1816 1028 τε
1842 977 1926 1028 καὶ
1947 977 2167 1042 χαλεπαὶ

342 1059 733 1131 προσεφέροντο.
819 1062 998 1111 πασῶν
1033 1060 1089 1111 δὲ
1119 1061 1212 1126 μία
1249 1062 1457 1130 μεγίστη
1494 1060 1557 1127 δὴ
1589 1059 1747 1114 ἐδόκει
1777 1058 1900 1113 εἶναι
1935 1059 2012 1113 ὅτι
2039 1058 2237 1130 χρή-1

343 1143 485 1212 ματά
508 1165 583 1206 τις
608 1146 762 1197 οἰκεῖα
791 1142 916 1211 ἴχων
942 1143 1271 1214 ἀπέκρυπτεν.
1347 1143 1482 1198 οὕτω
1512 1145 1634 1207 τοὺς
1653 1147 1866 1213 Λίβυας
1889 1151 2030 1198 πᾶσα
2055 1146 2184 1198 ἰδέα

343 1235 615 1304 συμφορᾶς
642 1229 891 1299 περιέστη.

517 1321 570 1368 Τ
567 1336 655 1376 ους
697 1314 751 1366 δὲ
784 1313 1070 1375 Βανδίλους
1098 1334 1152 1366 τε
1174 1314 1258 1366 καὶ
1285 1312 1573 1375 Ἀλανοὺς
1550 1334 1601 1375 ες
1630 1309 1813 1381 λόχους
1838 1311 2164 1383 καταστησά-

343 1420 522 1468 μενος,
581 1398 827 1468 λοχαγους
874 1399 1052 1460 αυτοῖς
1101 1398 1371 1468 ἐπέστησεν
1418 1399 1511 1467 οὐχ
1549 1419 1707 1467 ησσον
1746 1397 1778 1467 ἢ
1822 1397 2159 1469 ὀγδοήκοντα,

277 1503 315 1546 c
345 1506 535 1555 ουσπερ
564 1483 861 1554 χιλιάρχους
894 1481 1124 1549 ἐκάλεσε,
1180 1481 1387 1553 δόκησιν
1423 1484 1654 1555 παρέχων
1687 1481 1819 1538 ὀκτώ
1841 1506 1887 1537 οι
1907 1483 2162 1556 μυριάδας
2178 1494 2234 1548 15

342 1571 563 1626 συνιέναι
600 1570 689 1624 τὸν
723 1574 827 1623 τῶν
864 1569 1275 1640 στρατευομένων
1306 1565 1446 1623 λεών.
1536 1569 1698 1622 καίτοι
1736 1569 1796 1623 οὗ
1827 1574 2023 1637 μᾶλλον
2050 1569 2082 1638 ἢ
2112 1572 2163 1634 ἐς
2230 1559 2233 1563 ’

338 1653 594 1728 μυριάδας
628 1654 774 1708 πέντε
809 1655 868 1708 τὸ
907 1661 1011 1709 τῶν
1043 1656 1314 1708 Βανδίλων
1349 1676 1402 1708 τε
1436 1655 1521 1707 καὶ
1545 1654 1771 1708 Ἀλανῶν
1804 1660 2006 1724 πλῆθος
2034 1654 2084 1708 ἕν
2108 1677 2161 1726 γε

339 1747 413 1815 τῷ
452 1743 570 1812 πρὶν
609 1738 781 1812 χρόνῳ
822 1741 1013 1810 ἐλέγετο
1056 1738 1196 1797 εἶναι.
1283 1738 1451 1793 ἔπειτα
1487 1739 1659 1807 μέντοι
1695 1745 1760 1811 τῇ
1787 1761 1839 1793 τε
1874 1740 2004 1794 κατὰ
2025 1746 2162 1812 σφᾶς
2208 1743 2236 1818 ².

337 1827 633 1900 παιδοποιία
670 1828 754 1879 καὶ
790 1824 977 1887 ἄλλους
1006 1823 1309 1897 βαρβάρους
1345 1822 1711 1896 ἕταιρισάμενοι
1733 1826 1784 1887 ἐς
1803 1823 2023 1895 μεγάλην
2048 1826 2160 1879 τινὰ
2201 1863 2206 1867 ·

335 1913 771 1982 πολυανθρωπίαν
800 1908 1078 1982 ἐχώρησαν.
1163 1910 1229 1964 τὰ
1260 1911 1316 1963 δὲ
1350 1915 1452 1964 τῶν
1476 1910 1702 1964 Ἀλανῶν
1742 1912 1826 1963 καὶ
1861 1915 1964 1964 τῶν
1992 1903 2235 1997 ‹³222va

335 1994 618 2068 βαρβάρων
661 1993 922 2063 ὀνόματα,
988 1995 1120 2064 πλὴν
1156 1997 1542 2065 Μαυρουσίων,
1589 1997 1642 2058 ἐς
1682 1994 1740 2048 τὸ
1765 2001 1868 2048 τῶν
1887 1998 2157 2051 Βανδίλων
2231 2024 2233 2026 >

338 2082 541 2135 ἅπαντα
577 2082 851 2152 ἀπεκρίθη.
938 2078 1052 2134 τότε
1089 2081 1144 2134 δὲ
1176 2085 1227 2134 Γ
1223 2081 1430 2152 ιζέριχος
1461 2082 1835 2152 Μαυρουσίους
1871 2102 2156 2151 προσποιη-

337 2165 584 2238 σάμενος,
641 2166 810 2236 ἐπειδὴ
843 2164 1259 2229 Οὖαλεντινιανός
1291 2163 1635 2236 ἐτελεύτησεν,
1688 2165 1784 2219 ἀνὰ
1810 2171 1910 2220 πᾶν
1937 2166 2050 2230 ἔτος
2072 2162 2158 2240 ῆρι
2228 2223 2229 2226 ,

448 2331 491 2376 4.
522 2330 831 2383 Βανδίλοις-
778 2332 999 2375 -πᾶσαν
1018 2329 1105 2387 τὴν
1136 2330 1380 2403 (p.191‹1.)
1408 2344 1491 2376 om.
1518 2329 1622 2374 HL·
1650 2330 1812 2374 habent
1839 2330 1956 2374 AVP
1984 2335 2031 2375 et
2056 2345 2155 2374 ver·
2224 2307 2227 2310 ‚

447 2391 505 2432 tit
533 2389 627 2431 RV.
773 2391 841 2435 15.
872 2387 1022 2445 ὀκτώ]
1052 2390 1118 2443 εἰς
1145 2387 1264 2435 οκτιό
1297 2390 1390 2433 Pm.
1513 2385 1844 2445 23.013oe2—]
1877 2382 2038 2432 Βαλ-
2063 2389 2155 2432 PV.

337 2530 563 2573 etiamnum
591 2535 813 2574 vocantur.
871 2531 1079 2574 Redactis
1109 2531 1164 2574 ad
1205 2544 1403 2574 summam
1429 2531 1614 2588 inopiam
1642 2531 1861 2575 veteribus
1888 2529 2155 2587 praediorum
2201 2526 2237 2592 fg!

335 2587 538 2641 dominis,
579 2594 748 2630 retenta
784 2588 1007 2642 libertate,
1037 2589 1247 2645 integrum
1276 2594 1371 2631 erat
1399 2603 1481 2645 quo
1510 2590 1675 2632 luberet
1704 2588 1951 2631 concedere.
2013 2588 2154 2639 Quos·
2217 2623 2237 2631 ..

337 2659 503 2700 cunque
543 2644 768 2687 Gizericus
812 2645 964 2688 fundos
1004 2646 1104 2688 filiis
1142 2646 1229 2689 suis
1268 2661 1320 2689 ac
1354 2645 1557 2688 Vandalis
1596 2646 1915 2701 assignaverat,
1953 2644 2154 2687 immunes
2208 2669 2236 2706 15,

336 2702 504 2744 omnino
546 2715 687 2744 omnes
724 2702 850 2744 iussit
890 2716 1008 2745 esse.
1052 2703 1264 2759 quidquid
1304 2702 1381 2746 soli
1423 2717 1507 2746 non
1537 2703 1641 2747 adeo
1673 2704 1866 2759 frugibus
1896 2702 2154 2744 commodum
2206 2707 2237 2747 ἴς

335 2758 570 2810 iudicavit,
599 2758 645 2800 id
678 2759 868 2815 pristinis
900 2761 1212 2815 possessoribus
1241 2759 1442 2816 reliquit,
1470 2760 1600 2803 tantis
1629 2760 1910 2816 vectigalibus
1939 2761 2151 2811 obrutum,
2198 2771 2221 2803 ἰ’

334 2821 383 2858 ut
420 2829 500 2858 sua
540 2816 731 2871 quamvis
767 2817 944 2873 praedia
987 2817 1259 2870 obtinerent,
1304 2817 1405 2860 inde
1443 2821 1584 2860 tamen
1622 2819 1676 2861 ad
1717 2831 1790 2862 eos
1832 2816 1934 2859 nihil
1973 2815 2151 2858 rediret.
2204 2838 2225 2861 ,

334 2872 582 2928 Complures
610 2873 763 2924 exilio,
793 2889 876 2916 non
906 2875 1029 2931 pauci
1058 2882 1195 2917 morte
1223 2873 1550 2930 mulctabantur,
1580 2875 1722 2918 multis
1729 2873 2035 2942 gravibusque
2064 2871 2152 2915 cri-

332 2929 513 2972 minibus
551 2930 769 2972 accersiti:
813 2946 989 2986 quorum
1029 2932 1254 2975 maximum
1292 2932 1550 2985 ducebatur,
1593 2932 1632 2974 si
1669 2930 1765 2988 quis
1805 2943 1902 2972 suas
1944 2930 2150 2986 pecunias

331 2987 584 3030 abdidisset.
643 2987 716 3029 Sic
746 2988 871 3029 Afros
897 2989 1035 3032 omnia
1064 2988 1348 3031 calamitatum
1378 3003 1535 3044 genera
1562 2988 1939 3031 circumvenerant.

445 3043 710 3086 Contributis
742 3044 786 3086 in
817 3045 1010 3088 cohortes
1042 3046 1242 3088 Vandalis
1272 3053 1317 3088 et
1355 3045 1500 3088 Alanis
1545 3045 1674 3112 duces
1703 3043 1930 3086 Gizericus
1957 3057 2039 3087 non
2068 3043 2149 3086 mi·-

332 3114 410 3143 nus
450 3114 578 3142 cxxx,
617 3101 848 3157 praefecit,
887 3116 992 3157 quos
1031 3103 1287 3145 chiliarchos
1314 3116 1391 3144 seu
1421 3102 1533 3144 mille
1568 3101 1703 3145 virum
1730 3101 1921 3144 tribunos
1949 3100 2045 3145 ideo
2074 3115 2151 3143 no-

330 3157 528 3209 minavit,
573 3163 620 3199 ut
659 3159 816 3200 habere
857 3160 935 3200 sub
975 3158 1109 3213 signis
1148 3173 1279 3201 Lxxx.
1317 3159 1563 3202 bellatorum
1602 3159 1732 3201 millia
1767 3159 2027 3201 crederetur.
2084 3159 2147 3200 Ac
2198 3186 2208 3210 4-

331 3213 542 3272 superiori
567 3213 738 3270 quidem
767 3221 957 3270 tempore
1001 3215 1180 3258 Vandali
1220 3223 1350 3272 atque
1380 3215 1503 3258 Alani
1543 3230 1626 3259 non
1655 3217 1864 3259 excedere
1892 3214 2147 3281 dicebantur

330 3285 374 3315 Ι..
403 3272 551 3315 millia:
596 3271 748 3314 deinde
788 3276 928 3314 tamen
957 3286 1041 3328 qua
1080 3272 1308 3315 liberorum
1337 3272 1655 3328 procreatione,
1678 3287 1782 3340 qua
1807 3271 2023 3314 societatis
2056 3270 2146 3314 coi·
2201 3296 2207 3312 ι

330 3330 449 3373 tione
478 3343 571 3372 cum
599 3328 694 3371 aliis
719 3329 937 3379 Barbaris‚
972 3343 1115 3371 eorum
1145 3343 1341 3371 numerus
1369 3329 1546 3372 maxime
1575 3329 1725 3373 crevit.
1783 3329 1920 3372 Porro
1948 3327 1992 3370 in
2020 3341 2146 3370 unum
2200 3331 2203 3334 ’

331 3386 617 3430 vandalorum
656 3399 804 3429 nomen
844 3385 967 3428 Alani
1009 3386 1251 3442 caeterique
1290 3387 1472 3429 Barbari
1500 3401 1577 3429 sua
1611 3386 1818 3430 vocabula
1845 3385 2144 3438 confuderunt,
2199 3390 2203 3391 ⁷

331 3444 526 3501 exceptis
566 3442 760 3500 Mauris,
800 3457 978 3501 quorum
1015 3443 1197 3501 adeptus
1235 3443 1438 3500 obsequia
1477 3443 1704 3488 Gizericus
1731 3458 1759 3488 a
1787 3449 1920 3486 morte
1950 3440 2144 3485 Valenti·
2200 3448 2204 3459 '
