2184 3822
282 230 398 288 158
952 248 955 250 ·
1016 225 1360 287 -PROCOPII

274 379 512 427 κνυσθαι.
597 373 648 424 ἓν
687 371 849 424 δέοντι
887 370 1057 425 τοίνυν
1082 377 1147 443 τῇ
1174 373 1375 448 ἐξουσίᾳ
1399 366 1590 442 χρῆσαι
1605 415 1621 439 ,
1667 368 1742 441 μὴ
1767 375 2099 444 παυσαμένην

273 457 587 528 ἓπιζητήσῃς.
675 453 963 526 λωφήσασα
984 457 1082 528 γὰρ
1107 455 1139 525 ἦ
1161 463 1261 512 τῶν
1291 464 1480 529 καιρῶν
1506 458 1642 526 ἇκμτὶ
1666 459 1918 511 ἐπανιέναι
1944 459 2100 512 οὐδα-

271 549 382 611 μῶς
418 544 651 612 πέφυκεν.
740 540 943 608 ἄμεινον
979 543 1035 595 δὲ
1070 541 1458 614 προτερήσαντα
1495 545 1546 596 ἓν
1572 549 1644 616 τῷ
1670 543 1896 613 ἀσφαλεῖ
1915 542 2038 597 εἶναι
2067 544 2100 614 ἢ

208 643 246 686 Β
275 634 379 682 τῶν
403 632 591 696 καιρῶν
614 623 929 697 ὖστερηκότα
952 629 1018 680 τὰ
1042 626 1211 682 πάντα
1236 627 1550 701 αἰσχρότατα
1574 628 1702 700 πρὸς
1723 634 1826 683 τῶν
1849 632 2101 698 πολεμίων

270 719 472 766 παθεῖν.
493 717 531 742 “
2114 729 2143 772 5

444 801 627 849 Ταῦτα
657 796 758 848 ἐπεὶ
784 793 1030 867 Χοσρόης
1057 797 1298 866 ἤκουσεν,
1347 793 1400 852 εἶ)
1429 797 1488 851 τέ
1518 798 1566 851 οἶ
1603 807 1864 868 παραινεῖν
1899 797 2105 852 Οὖίττι-

269 904 344 953 γις
366 881 503 945 ἔδοξε
534 883 615 934 καὶ
642 879 775 934 λύειν
797 881 891 943 τὰς
915 884 1140 946 σπονδὰς
1165 884 1235 938 ἔτι
1259 889 1456 952 μᾶλλον
1480 885 1532 936 ἒν
1562 886 1761 954 σπουδῇ
1787 882 1898 951 εἶχε.
1962 882 2106 954 φθό-

269 990 341 1040 νῳ
374 968 469 1038 γὰρ
506 969 556 1030 ἒς
591 967 946 1022 ’Ῑουστινιανόν
983 970 1199 1032 βασιλέα
1234 967 1469 1038 ε’χόμενος
1505 970 1793 1037 λογίζεσθαι
1826 966 1894 1031 ὥς
1923 967 2106 1037 ἣκιστα

271 1052 395 1123 ἴγνω
409 1095 425 1119 ,
475 1052 552 1107 ὅτι
591 1053 655 1120 δὴ
694 1052 821 1120 πρὸς
849 1053 1051 1125 ἀνδρῶν
1069 1055 1409 1128 Ἰουστινιανῷ
1439 1059 1643 1123 βασιλεῖ
1663 1057 1926 1114 δυσμενῶν
1952 1052 2107 1122 μάλι-

276 1159 376 1192 στα
417 1140 465 1192 οἳ
498 1136 636 1207 λόγοι
675 1139 726 1199 ἔς
751 1138 906 1192 αὐτὸν
928 1140 1165 1209 γένοιντο.
1257 1140 1388 1194 ἀλλὰ
1416 1145 1489 1214 τῷ
1521 1136 1807 1206 βούλεσθαι
1831 1141 1882 1202 ἒς
1907 1139 1965 1193 τὸ
1996 1163 2101 1194 πει·
2119 1126 2175 1200 16

274 1230 469 1292 σθῆναι
503 1221 788 1291 αὐτόμολος
823 1218 1002 1292 ἦλθεν.
1092 1225 1119 1279 ὃ
1157 1226 1220 1294 δὴ
1263 1228 1347 1279 καὶ
1387 1228 1438 1287 ἐς
1470 1225 1593 1286 τοὺς
1624 1225 1895 1295 Ἀρμενίων
1929 1247 1983 1278 τε
2021 1227 2107 1278 καὶ

273 1312 471 1374 Λαζῶν
506 1307 687 1379 λόγους
716 1308 866 1382 ὀλίγῳ
893 1308 1107 1379 ὕστερον
1140 1309 1352 1381 ἔδρασεν
1379 1311 1504 1380 ἅπερ
1530 1332 1618 1377 μοι
1647 1310 1830 1363 αὐτίκα
1850 1307 1994 1378 μάλα
2020 1315 2106 1364 λε-

210 1408 248 1451 C
277 1395 484 1458 λέξεται.
573 1396 736 1447 καίτοι
769 1400 983 1448 τοιαῦτα
1017 1395 1357 1469 Ἰουστινιανῷ
1389 1394 1664 1449 ἐπεκάλουν
1696 1392 2014 1465 ἐγκλήματα,
2072 1394 2107 1449 ἃ

272 1486 481 1548 βασιλεῖ
492 1482 701 1551 γενναίῳ
727 1477 929 1542 εἰκότως
952 1478 1015 1532 ἂν
1040 1479 1260 1551 ἐγκώμια
1283 1482 1376 1551 εἴη,
1412 1480 1489 1535 ὅτι
1516 1480 1580 1549 δὴ
1604 1481 1696 1549 τὴν
1720 1483 1986 1549 βασιλείαν
2013 1481 2106 1551 τὴν

274 1563 435 1618 αὑτοῦ
459 1567 609 1632 μείζω
635 1586 687 1618 τε
713 1570 920 1633 ποιῆσαι
948 1568 1032 1618 καὶ
1058 1571 1231 1641 πολλῷ
1262 1566 1657 1638 ἐπιφανεστέραν
1680 1567 1732 1619 ἓν
1755 1570 1957 1640 σπουδῇ
1983 1565 2103 1636 ἔχοι.
2121 1579 2178 1627 15

270 1657 436 1703 ταῦτα
461 1651 557 1721 γὰρ
583 1648 840 1722 καὶΚύρῳ
868 1650 931 1704 ἄν
951 1673 1029 1713 τις
1049 1653 1293 1723 ἐπενέγκοι
1316 1659 1387 1726 τῷ
1399 1657 1620 1723 Περσῶν
1641 1657 1848 1719 βασιλεῖ
1867 1654 1950 1706 καὶ
1966 1652 2108 1707 Ἀλε-

271 1734 472 1808 ξάνδρῳ
499 1742 572 1809 τῷ
602 1734 883 1792 Μακεδόνι.
927 1736 1058 1790 ἀλλὰ
1082 1739 1178 1810 γὰρ
1208 1737 1394 1811 φθόνῳ
1419 1738 1479 1792 τὸ
1507 1739 1701 1791 δίκαιον
1728 1737 1930 1808 οὐδαμῆ
1956 1738 2110 1793 εἴωθε

272 1824 658 1887 ξυνοικίζεσθαι.
749 1821 834 1875 διὰ
871 1828 1038 1876 ταῦτα
1077 1826 1170 1893 μὲν
1194 1822 1451 1898 ,Χοσρόης
1475 1823 1568 1886 τὰς
1589 1822 1818 1886 σπονδὰς
1841 1821 1976 1878 λύειν
2005 1826 2107 1878 διε-

271 1917 450 1962 νοεῖτο.

201 1999 242 2042 D
441 1988 502 2061 y'.
585 1991 669 2044 Ἐν
710 1987 876 2064 τούτῳ
919 1993 976 2045 δὲ
1011 1994 1095 2045 καὶ
1134 1992 1259 2047 ἄλλο
1294 2015 1343 2047 τι
1383 1993 1622 2064 γενέσθαι
1667 1989 1863 2048 τοιόνδε
1902 1993 2177 2064 ξυνέβη.20

270 2075 548 2146 Συμεώνης
583 2077 765 2139 ἐκεῖνος
777 2117 792 2141 ,
856 2074 881 2130 ὃ
918 2077 977 2131 τὰ
1025 2076 1317 2149 Φαράγγιον
1347 2077 1614 2147 Ῥωμαίοις
1650 2078 1853 2144 {voni-g,
1894 2078 2106 2133 Ἰουστι-

270 2163 440 2216 νιανόν
463 2162 678 2230 βασιλέα
705 2165 898 2227 πείθει,
945 2162 1018 2216 ἔτι
1043 2170 1135 2217 τοῦ
1159 2166 1383 2231 πολέμου
1410 2163 1748 2234 ἀκμάζοντος,
1796 2162 1991 2232 κώμαις
2011 2165 2108 2218 αὗ-

114 2259 158 2301 Η
187 2255 243 2302 48
271 2246 360 2303 τόν
384 2270 514 2302 τισιν
536 2247 738 2318 ἀνδρῶν
762 2248 1036 2319 Ἀρμενίων
1062 2248 1420 2320 δωρήσασθαι.
1510 2249 1682 2323 κύριός
1706 2272 1760 2304 τε
1785 2255 1887 2304 τῶν
1906 2253 2108 2322 χωρίων

386 2387 426 2430 2.
458 2381 750 2455 ἕπιζνίῑήσῃς]
782 2382 1054 2442 ἐπιζητήσας
1081 2385 1149 2429 H:
1178 2386 1286 2431 illud
1313 2386 1412 2431 Hm.
1564 2387 1635 2432 15.
1665 2381 1845 2443 αὑτοῦ]
1873 2382 2026 2432 avito&
2053 2387 2106 2432 P.

389 2446 458 2488 18.
489 2445 724 2500 Χοσροης]
758 2441 781 2488 ὁ
812 2441 1005 2500 χοσρόης
1035 2443 1086 2486 L.

275 2587 347 2616 sas
370 2577 613 2629 conceptum
638 2573 870 2628 effundere.
931 2574 1053 2630 Ergo
1077 2579 1310 2629 opportune
1341 2573 1450 2615 data
1481 2577 1602 2614 utere
1618 2571 1860 2626 facultate,
1887 2585 1942 2615 ne
1956 2578 2110 2627 postea

273 2631 540 2673 subtractam
559 2633 764 2686 requiras.
823 2630 1002 2673 Reverti
1019 2632 1164 2686 nequit
1186 2632 1334 2686 elapsa
1351 2630 1480 2672 semel
1502 2630 1678 2671 occasio.
1744 2629 1942 2671 Praestat
1962 2637 2108 2672 antem

275 2703 330 2730 ea
358 2693 591 2743 antecapto
614 2702 703 2729 esse
728 2689 773 2729 in
795 2694 911 2739 tuto,
941 2703 1070 2744 quam
1085 2703 1167 2744 per
1191 2689 1421 2746 segnitiem
1446 2700 1588 2730 seram
1611 2687 1773 2730 amissa
1797 2687 2109 2744 indignissima

270 2746 407 2788 modis
431 2745 621 2786 omnibus
643 2746 697 2786 ab
725 2746 842 2787 hoste
866 2746 1029 2788 haberi.

385 2803 466 2845 His
497 2802 711 2844 Chosroes
742 2801 923 2853 auditis,
966 2809 1009 2846 et
1038 2802 1220 2859 Vittigis
1249 2802 1432 2859 probata
1461 2798 1774 2851 admonitione,
1817 2813 1965 2857 pacem
2004 2814 2107 2844 con·
2182 2807 2184 2811 ’

271 2860 433 2904 vellere
463 2860 592 2902 multo
624 2860 764 2901 acrius
795 2859 1011 2915 cupiebat.
1070 2861 1239 2902 Etenim
1269 2858 1500 2902 Iustiniano
1530 2858 1638 2913 Aug.
1667 2857 1888 2908 invidens,
1919 2871 2003 2901 non
2032 2873 2106 2902 co-

271 2917 574 2974 gitabat‘haec
602 2915 646 2957 in
674 2916 790 2959 illum
821 2918 875 2959 ab
904 2916 1082 2959 inimicis
1111 2916 1267 2960 iactari
1286 2951 1296 2966 ‚
1327 2913 1612 2966 meoiudicio,
1643 2914 1722 2956 sed
1740 2915 1959 2958 voluntate
1978 2915 2105 2959 fidem

270 2976 326 3018 iis
356 2974 544 3017 habebat
571 2973 710 3025 ultr03
743 2974 1083 3030 quemadmodum
1115 2982 1159 3016 et
1186 2974 1312 3031 paulo
1342 2979 1440 3030 post
1468 2971 1620 3015 habuit
1649 2971 1938 3014 Armeniorum
1967 2972 2108 3016 Lazo-

271 3046 448 3088 rumque
489 3031 774 3074 orationibus:
818 3037 866 3073 ut
902 3032 1204 3087 quamprimum
1243 3044 1464 3087 exponam.
1523 3027 1670 3071 Atini
1699 3028 1742 3070 in
1771 3028 2004 3071 Iustiniano
2035 3044 2107 3073 re-

268 3089 615 3146 prehendebant,
663 3103 774 3143 quae
813 3088 858 3130 in
899 3102 1104 3144 generoso
1133 3089 1397 3146 Imperatore
1425 3085 1638 3130 laudanda
1666 3091 1788 3127 sunt=
1835 3099 1984 3142 nempe
2012 3093 2107 3129 stu-

270 3147 412 3198 dium,
458 3160 543 3202 quo
589 3146 838 3201 proferebat
879 3145 1050 3200 Imperii
1091 3146 1199 3188 fines
1229 3152 1272 3188 et
1303 3143 1565 3201 splendorem
1595 3143 1796 3198 augebat.
1855 3143 2104 3187 Cuiusmodi

270 3218 375 3247 sane
418 3202 593 3246 crimina
634 3202 751 3258 Cyro
787 3202 1011 3247 Persarum
1050 3201 1164 3257 Regi
1200 3209 1243 3244 et
1275 3201 1515 3245 Alexandro
1553 3199 1778 3242 Macedoni
1818 3199 1979 3244 inferre
2007 3200 2102 3257 quia

270 3265 433 3318 posset.
492 3259 863 3302 Verumenimvero
897 3274 982 3302 non
1013 3273 1095 3300 una
1123 3260 1259 3302 solent
1287 3257 1456 3301 Iustitia
1486 3262 1530 3299 et
1558 3255 1726 3299 Invidia
1754 3256 1963 3301 habitare.
2019 3257 2102 3302 His

271 3319 433 3362 demum
464 3316 604 3360 causis
632 3316 684 3358 ad
715 3315 958 3358 solvendam
988 3330 1133 3372 pacem
1165 3317 1380 3359 Chosroes
1408 3313 1716 3369 impellebatur.

383 3376 424 3420 3.
483 3375 573 3417 Sub
607 3373 717 3415 idem
748 3381 916 3428 tempus
956 3387 1055 3425 res,
1087 3387 1208 3428 quam
1239 3374 1308 3416 hic
1336 3371 1580 3422 sufficiam,
1611 3370 1806 3427 contigit.
1865 3371 2100 3428 Symeones

268 3433 366 3487 ille,
397 3432 468 3489 qui
495 3430 776 3486 Pharangium
806 3430 1004 3472 Romanis
1033 3430 1221 3481 dedidit,
1258 3445 1341 3486 quo
1372 3435 1562 3484 tempore
1592 3427 1741 3470 bellum
1771 3427 1910 3471 adhuc
1937 3429 2098 3485 flagra-

261 3491 376 3547 bat,
419 3505 446 3532 a
482 3487 715 3531 Iustiniano
746 3489 854 3543 Aug.
885 3489 1003 3530 vicos
1030 3489 1338 3543 impetraverat
1365 3486 1554 3542 aliquot,
1595 3484 1669 3542 qui
1698 3485 1751 3528 ad
1782 3485 1984 3541 quosdam
2015 3486 2101 3528 Ar-

275 3548 436 3592 menios
469 3545 754 3606 pertinebant.
811 3545 972 3589 Eorum
1003 3551 1138 3590 autem
1169 3545 1393 3589 dominium
1425 3556 1515 3588 cum
1539 3551 1653 3586 esset
1681 3542 1891 3601 adeptus,
1932 3543 1986 3586 ab
2019 3555 2094 3586 an—
