2254 3814
325 119 448 175 200
1068 118 1401 174 PROCOPII

250 277 291 321 D
321 280 427 331 γον.
516 251 664 322 οὗτος
699 257 829 328 ἀνὴρ
866 262 969 312 τῶν
1000 279 1115 314 τινα
1146 257 1437 330 Ἀντιοχέων
1463 258 1665 314 νεανίαν
1689 254 1838 326 πεζόν
1861 279 1916 314 τε
1937 260 2022 314 καὶ
2044 256 2144 328 μό-

322 366 413 399 νον
431 341 776 415 κρυπτόμενον
808 342 1038 397 ἐνταῦθα
1065 345 1187 399 ἰδὼν
1210 346 1380 400 ἐδίωκε
1403 350 1506 400 τῶν
1534 343 1716 415 ἑτέρων
1738 346 1912 416 χωρίς.
1997 339 2059 412 ἦν
2086 345 2143 398 δὲ

322 427 614 501 κρεοπώλης
643 426 669 481 ὃ
702 428 931 495 νεανίας,
969 427 1234 500 Ἀείμαχος
1260 430 1440 500 ὄνομα.
1529 429 1586 493 ὃς
1606 430 1778 498 ἐπειδὴ
1803 425 2142 498 καταλαμβά-

321 519 506 569 νεσθαι
529 513 755 582 ἐζιιελλεν,
802 513 1125 586 ἐπιστραφεὶς
1147 517 1202 570 ἐκ
1224 521 1315 570 τοῦ
1339 516 1594 587 αι’φνιδίου
1619 516 1755 587 λίθῳ
1777 514 1866 568 τὸν
1894 512 2143 567 διώκοντα

320 597 514 668 βάλλει,
563 594 876 667 ἐπιτυγχάνει
903 620 958 652 τε
981 606 1075 654 τοῦ
1100 598 1335 669 μετώπου
1363 602 1414 664 ἐς
1439 601 1533 667 τὴν
1554 599 1695 670 παρὰ
1721 599 1778 653 τὸ
1802 593 1891 661 οὖς
1909 595 2186 668 μήνιγγα.5

321 685 406 737 καὶ
431 680 457 736 ὅ
485 681 579 750 μὲν
616 683 668 745 ἐς
698 683 757 736 τὸ
790 682 984 756 ἔδαφος
1022 685 1181 749 εὐθὺς
1207 685 1404 751 ἔπεσεν,
1451 682 1478 738 ὅ
1522 685 1577 738 δὲ
1606 684 1766 738 αὐτοῦ
1792 683 1882 738 τὸν
1906 681 2144 752 ἀκινάκην

321 764 650 835 σπασάμενος
677 769 850 822 κτείνει
885 769 977 823 τὸν
1003 769 1189 842 ι’ίνδρα.
1274 767 1554 832 σκυλεύσας
1589 790 1644 823 τε
1670 768 1830 822 αὐτοῦ
1854 767 1972 822 κατ’
2001 769 2146 831 ἐξου-

321 854 438 907 σιάν
463 849 528 906 τά
550 874 604 907 τε
631 851 765 907 ὅπλα
791 855 876 907 καὶ
905 855 995 909 τὸν
1018 857 1211 927 χρυσὸν
1239 854 1439 909 ἅπαντα
1466 857 1551 908 καὶ
1583 853 1634 908 εἷ’
1653 874 1701 907 τι
1732 852 1856 907 ἄλλο
1884 849 2147 923 ἐτύγχανεν

320 935 700 1006 ἀμπεχόμενος,
740 939 826 991 ἐπί
844 961 896 993 τε
920 939 1010 994 τὸν
1030 943 1189 996 ἵππον
1214 940 1521 1011 ἀναθορὼν,
1560 936 1738 1010 πρόσω
1759 938 1994 1008 ἤλαυνεν.
2051 938 2150 991 εἴτε

320 1024 378 1076 δὲ
402 1021 531 1095 τύχῃ
559 1024 656 1077 εἴτε
687 1025 891 1095 χωρίων
916 1027 1148 1101 ἐμπειρίᾳ
1176 1024 1524 1098 χρησάμενος,
1567 1029 1750 1077 λαθεῖν
1771 1045 1824 1076 τε
1850 1023 1972 1085 τοὺς
1994 1027 2144 1076 πολε-
2163 1032 2219 1076 10

144 1120 178 1161 Ρ
212 1118 296 1166 114
323 1110 472 1176 μίους
497 1111 580 1162 καὶ
608 1111 871 1180 διαφυγεῖν
897 1117 1157 1174 παντελῶς
1181 1112 1374 1180 ἴσχυσε.
1437 1115 1603 1163 ταῦτα
1634 1107 1660 1163 ὃ
1685 1105 1936 1179 ΥΧοσρόης
1957 1107 2150 1178 μαθὼν

321 1195 405 1247 καὶ
437 1201 544 1256 τοῖς
582 1196 894 1262 ξυμπεσοῦσι
926 1193 1268 1267 περιαλγήσας
1303 1200 1407 1249 τῶν
1445 1194 1494 1247 οἱ
1522 1192 1776 1262 ἑπομένων
1799 1193 1940 1255 τινὰς
1963 1197 2151 1246 καῦσαι
2215 1218 2231 1232 2

319 1278 410 1332 τὸν
437 1284 529 1332 τοῦ
554 1278 865 1350 ἀρχαγγέλου
894 1281 1048 1346 νεὼν,
1093 1274 1153 1334 οὗ
1181 1277 1409 1351 πρόσθεν
1446 1276 1738 1347 ἐμνήσθην,
1779 1277 2012 1332 ἐκέλευεν.
2103 1277 2152 1330 οἳ

321 1365 379 1417 δέ
402 1369 585 1417 τοῦτον
607 1365 793 1416 ἐκεῖνον
831 1362 957 1418 εἶναι
992 1361 1291 1435 ἡγούμενοι,
1336 1363 1426 1428 ξὺν
1453 1371 1566 1426 ταῖς
1595 1361 1735 1434 ἀμφ’
1766 1361 1924 1416 αὐτὸν
1949 1364 2152 1416 οἰκοδο-
2211 1428 2216 1437 Ι

318 1449 462 1516 μιάις
493 1447 806 1519 ἐνέπρησαν,
854 1450 1092 1512 ἐπιτελεῖς
1122 1471 1178 1504 τε
1215 1453 1528 1517 πεποιῆσθαι
1556 1448 1650 1511 τὰς
1672 1445 1917 1520 Χοσρόου
1945 1447 2151 1510 ἐντολὰς
2168 1453 2221 1498 15

322 1531 502 1606 ᾤοντο.
566 1539 733 1587 ταῦτα
755 1534 848 1602 μὲν
878 1535 942 1604 δὴ
972 1533 1137 1598 οὕτως
1164 1534 1292 1604 ἴσχε.

489 1615 737 1690 Χοσρόης
765 1620 821 1672 δὲ
850 1622 1002 1674 παντὶ
1028 1626 1101 1694 τῷ
1133 1624 1339 1694 στρατῷ
1367 1617 1461 1688 τὴν
1487 1617 1566 1671 ἐπὶ
1583 1613 1861 1686 Ἀπάμειαν
1886 1614 1980 1689 ᾔει.
2045 1613 2153 1669 ἐστι

322 1700 380 1756 δὲ
412 1699 565 1765 ξύλον
601 1712 853 1773 πηχυαῖον
888 1706 941 1759 ἐν
978 1704 1225 1781 Ἀπαμείᾳ
1259 1710 1354 1760 τοῦ
1392 1708 1622 1775 σταυροῦ
1658 1703 1840 1775 μέρος,
1899 1703 1953 1754 ἐν
1989 1692 2033 1775 ᾧ
2060 1699 2150 1754 τὸν

320 1787 554 1858 Χριστὸν
583 1789 636 1842 ἐν
673 1786 1044 1860 Ἰεροσολύμοις
1079 1792 1205 1844 ποτὲ
1240 1790 1334 1860 τὴν
1371 1787 1579 1843 κόλασιν
1609 1787 1721 1842 οὔτι
1760 1783 1999 1841 ἀκούσιον
2022 1783 2154 1838 ὕπο-

322 1878 504 1941 στῆναι
533 1871 883 1943 ὡμολόγηται,
930 1875 1064 1929 κατὰ
1090 1875 1156 1944 δὴ
1184 1875 1273 1930 τὸν
1300 1873 1518 1929 παλαιὸν
1547 1870 1736 1945 χρόνον
1762 1871 1994 1926 ἐνταῦθα
2023 1870 2150 1942 πρὸς
2163 1882 2223 1926 20
2243 1914 2254 1925 .„

247 1971 285 2014 B
328 1955 501 2030 Σύρου
537 1957 726 2030 ἀνδρὸς
765 1961 1015 2029 κομισθὲν
1055 1957 1251 2033 λάθρα.
1340 1961 1426 2014 καὶ
1464 1957 1591 2013 αὐτὸ
1628 1959 1677 2013 οἳ
1701 1955 1860 2012 πάλαι
1881 1955 2153 2028 ἄνθρωποι

434 2134 480 2178 ²·
513 2132 660 2189 ’‘33⁰3''
689 2135 846 2191 Reg·“
887 2137 1041 2180 Man-r.
1101 2131 1251 2193 εὑρών
1279 2136 1332 2179 Ρ.
1371 2134 1613 2191 adspiciens
1638 2133 1736 2178 RV.
1879 2135 1923 2179 8.
1951 2130 2156 2186 κρεοπώ-

435 2192 713 2307 ᾷξῖςτὶινὲἶὲθ
740 2191 1028 2251 κρεωπαίλης.
1142 2198 1216 2240 20.
1244 2191 1570 2251 ,,ὦμολόγηται
1598 2193 1744 2248 Reg.“
1773 2192 1925 2270 Maur.
1987 2187 2155 2248 ὁμολο-

325 2402 446 2447 ridis.
503 2404 589 2447 Hic
616 2404 691 2448 ille
720 2420 811 2448 cum
842 2406 1155 2451 adolescentem
1183 2406 1495 2450 Antiochenum
1524 2403 1778 2449 offendisset
1806 2403 1991 2462 peditem
2017 2408 2063 2448 et
2090 2403 2155 2447 la·

326 2462 524 2505 titantem
565 2463 726 2515 solum,
766 2477 815 2506 se
857 2464 1068 2509 abstraxit
1106 2479 1133 2508 a
1169 2464 1323 2516 sociis,
1376 2472 1428 2506 ut
1465 2469 1591 2519 terga
1629 2463 1799 2505 dantem
1838 2462 2155 2519 insequeretur.

326 2518 491 2562 Lanius
520 2524 616 2562 erat
645 2520 917 2574 adolescens,
948 2522 1074 2579 eique
1101 2535 1252 2565 nomen
1281 2520 1509 2564 Aimachot
1538 2518 1611 2576 qui
1638 2525 1689 2562 ut
1725 2533 1774 2562 se
1810 2518 1977 2562 iamiam
2016 2518 2156 2562 teneri

326 2575 485 2627 sensit,
529 2583 710 2632 repente
748 2592 1007 2631 conversus,
1048 2581 1275 2622 instantem
1317 2578 1507 2634 percutit
1534 2576 1702 2634 lapide,
1741 2581 1787 2619 et
1823 2577 1956 2619 fronti
1984 2575 2155 2632 plagam

328 2632 467 2688 adigit
496 2632 551 2675 ad
580 2635 862 2678 membranam
891 2650 1025 2693 usque
1054 2637 1220 2680 cerebri
1248 2636 1368 2678 iuxta
1398 2648 1569 2677 aurem:
1599 2647 1699 2677 mox
1727 2633 1840 2676 humi
1868 2640 2046 2676 stratum
2075 2646 2155 2675 suo

327 2688 464 2745 ipsum
505 2689 679 2733 acinace
718 2692 917 2745 conficit,
957 2693 1204 2750 nemineque
1240 2691 1542 2749 interpellante
1582 2690 1737 2742 armis,
1789 2704 1920 2742 auro,
1963 2689 2156 2732 vestibus

327 2745 511 2802 spoliat:
554 2752 642 2790 tum
680 2746 726 2790 in
766 2763 920 2805 equum
956 2750 1123 2802 insilit,
1163 2764 1250 2807 quo
1282 2757 1534 2806 provectus,
1575 2748 1668 2791 sive
1696 2748 1891 2799 fortuna,
1919 2746 2012 2790 sive
2040 2747 2157 2790 loco-

327 2817 420 2845 rum
450 2803 610 2860 peritia
636 2803 680 2845 id
712 2814 963 2849 consecutus
993 2814 1086 2857 est,
1122 2813 1170 2850 ut
1198 2808 1354 2850 lateret
1385 2808 1530 2849 hostes
1558 2812 1688 2862 atque
1714 2804 1934 2848 incolumis
1963 2805 2156 2847 elabere-

327 2866 414 2903 tur.
457 2860 582 2911 Quae
612 2860 685 2903 ubi
716 2863 933 2905 Chosroes
960 2863 1139 2916 didicit,
1185 2877 1330 2907 casum
1372 2864 1482 2906 hunc
1519 2863 1758 2920 aegerrime
1785 2862 1951 2913 ferens,
1979 2862 2157 2918 quibus-

328 2917 424 2959 dam
454 2931 479 2959 e
507 2917 787 2973 stipatoribus
815 2919 902 2961 suis
937 2919 1145 2973 iniunxit,
1188 2928 1237 2963 ut
1267 2919 1517 2976 archangeli
1542 2921 1770 2976 templum,
1798 2919 1918 2961 cuius
1948 2925 2048 2960 ante
2069 2932 2158 2961 me-

329 2973 456 3020 mini.
502 2974 593 3029 igni
633 2983 967 3032 corrumperent.
1035 2978 1102 3019 illi
1142 2979 1341 3034 templum
1390 2979 1496 3028 hoc,
1539 2977 1595 3019 de
1635 2991 1721 3032 quo
1766 2974 1951 3018 Chosroi
1989 2988 2157 3027 sermo,

328 3029 599 3087 Daphnicum
629 3046 725 3074 esse
754 3034 1044 3084 arbitrantes,
1083 3034 1186 3077 illud
1216 3049 1307 3077 cum
1341 3035 1516 3076 structis
1543 3034 1589 3076 in
1618 3033 1778 3075 ambitu
1807 3032 1984 3075 aedibus
2011 3031 2159 3075 incen-

329 3088 512 3188 ξεῖ-ἠοῖ,
568 3102 700 3146 seque
753 3090 963 3133 mandatis
1013 3091 1219 3134 Chosrois
1268 3093 1519 3149 perfunctos
1559 3095 1780 3146 putarunt.
1844 3089 1966 3132 Haec
2007 3089 2072 3131 ita
2110 3101 2159 3132 se

361 3159 385 3189 a
419 3158 533 3189 uere.

444 3231 503 3273 At
532 3230 750 3273 chosroes
791 3246 882 3274 cum
926 3231 1118 3274 omnibus
1159 3232 1295 3289 copiis
1327 3233 1555 3289 Apameam
1585 3230 1818 3275 contendit.
1875 3231 1946 3275 Ea
1974 3229 2019 3273 in
2050 3231 2158 3273 urbe

328 3286 486 3343 liguum
516 3288 703 3330 cubitale
730 3288 898 3340 visitur,
927 3297 1190 3345 segmentum
1216 3290 1330 3332 illius
1359 3289 1515 3340 crucis,
1543 3288 1588 3331 in
1617 3302 1702 3344 qua
1732 3290 1966 3331 Cnms'rtm
1997 3287 2158 3330 Hiero-

331 3346 505 3402 solymis
533 3345 785 3401 supplicium
815 3347 1023 3388 volentem
1052 3361 1102 3388 ac
1132 3347 1340 3388 lubentem
1366 3345 1548 3389 subiisse
1577 3345 1747 3402 publica
1765 3346 2028 3388 confessione
2058 3359 2159 3387 con-

333 3408 438 3445 stat.
497 3402 547 3445 Id
576 3403 710 3459 Syrus
737 3402 906 3460 quidam
935 3403 1033 3446 olim
1058 3405 1138 3446 huc
1166 3403 1312 3446 furtim
1334 3403 1524 3459 detulit,
1555 3418 1608 3446 ac
1637 3403 1754 3446 cives
1784 3403 1940 3461 prisci,
1971 3417 2062 3445 cum
2083 3401 2158 3444 fir-
