2254 3814
294 127 415 187 518
1041 127 1375 182 PROCOPH

289 264 503 341 τοιαύτῃ
520 269 612 337 μὲν
634 264 808 339 γνώμῃ
834 266 1117 332 Κουτζίνας
1139 288 1194 321 τε
1218 268 1302 320 καὶ
1318 262 1563 330 Ἀντάλας
1585 266 1666 320 ἐπὶ
1689 264 2003 339 Καρχηδόνα
2029 269 2117 323 τὸν

290 357 647 426 Μαυρουσίων
672 352 892 423 στρατὸν
919 354 1119 422 ἐπῆγον.
1151 350 1426 423 ιΓόνθαρις
1451 354 1507 406 δὲ
1524 361 1708 406 κτεῖναι
1728 355 1820 420 μὲν
1842 353 1930 407 τὸν
1946 351 2118 423 Ἀρεό-

289 443 466 507 βινδον
494 443 745 504 διενοεῖτο,
789 437 850 490 τὸ
876 437 932 490 δέ
957 437 1029 505 μὴ
1054 440 1218 491 δοκεῖν
1239 439 1541 506 τυραννίδος
1563 435 1891 505 ἐπιβατεύειν,
1938 440 1991 492 ἐν
2016 460 2119 492 πα·-

292 523 496 596 ρατάξει
520 521 695 594 λάθρα
720 527 872 576 τοῦτο
901 524 1030 593 δρᾶν
1056 521 1270 592 ἤθελεν,
1311 521 1449 585 ὅπως
1470 523 1597 593 πρὸς
1622 521 1806 592 ἐτέρων
1830 525 1922 591 μὲν
1949 521 1980 592 ἦ
2009 524 2120 577 ἐπι-
2179 557 2182 559 -

288 609 454 678 βουλὴ
494 610 544 671 ἐς
580 608 671 662 τὸν
702 608 988 679 στρατηγὸν
1019 613 1321 678 γεγενῆσθαι
1355 606 1576 673 δόξειεν,
1622 608 1777 670 αὐτὸς
1816 610 1872 661 δὲ
1895 609 2156 678 ἀναγκα-5

290 695 440 762 σθείη
466 700 538 767 τῷ
557 692 820 762 Ῥωμαίων
850 699 1054 766 στρατῷ
1078 689 1348 746 ἀνελέσθαι
1371 693 1465 761 τὴν
1482 690 1694 762 Λιβύης
1714 691 1892 763 ἀρχήν.
1946 691 2120 765 ἀπάτῃ

286 781 457 833 τοίνυν
495 779 584 833 τὸν
623 777 942 849 Ἀρεόβινδον
982 778 1265 850 περιελθών
1305 780 1470 832 πείθει
1508 787 1615 840 τοῖς
1647 780 1902 846 πολεμίοις
1923 779 2122 842 ἐπεξελ-

289 862 459 918 θόντα
482 861 635 933 ὅμόσε
664 865 787 918 ἴέναι
800 906 818 930 ,
858 863 957 934 ἤδη
983 886 1082 917 που
1106 861 1442 934 Καρχηδόνος
1469 863 1680 933 ἄγχιστα
1705 862 1930 933 ἥκουσιν.
2005 861 2122 918 ἐδό-

226 958 264 1005 Β
294 971 363 1003 κει
385 956 506 1020 γοῦν
531 951 670 1024 αὐτῷ
694 955 756 1021 τῇ
779 948 1023 1024 ὑστεραία
1041 952 1190 1002 παντὶ
1216 955 1288 1021 τῷ
1312 955 1516 1022 στρατῷ
1543 946 1880 1019 ἐξηγήσεσθαι
1903 950 1981 1002 ἐπὶ
2001 949 2123 1012 τοὺς

287 1038 560 1103 πολεμίους
586 1035 693 1104 ἅμα
726 1034 846 1108 ἡλίῳ
872 1035 1142 1103 ἀνίσχοντι,
1203 1034 1320 1087 ἀλλ’
1343 1032 1662 1106 Ἆρεόβινδος
1686 1034 1903 1105 ἀπείρως
1927 1056 1981 1088 τε
2007 1037 2120 1087 λίαν
2136 1047 2189 1089 10

290 1123 341 1183 ἐς
365 1122 423 1175 τὸ
449 1127 658 1193 πρᾶγμα
682 1126 833 1174 τοῦτο
866 1123 947 1173 καὶ
975 1120 1202 1189 ὀκνηρῶς
1226 1119 1352 1188 ἔχων
1379 1117 1613 1188 μελλήσει
1634 1121 1816 1189 ἐχρῆτο
1842 1119 2007 1172 οὐδενὶ
2032 1118 2122 1173 λό-

287 1227 379 1278 γῳ.
468 1212 690 1274 μελετῶν
718 1228 771 1259 τε
797 1206 894 1275 γὰρ
924 1204 1060 1267 ὅπως
1085 1201 1349 1258 ἐνδύσαιτο
1376 1205 1470 1274 τὴν
1493 1210 1596 1258 τῶν
1635 1202 1804 1258 ὅπλων
1830 1205 2012 1275 σκευὴν
2038 1207 2122 1257 καὶ

287 1290 454 1345 τᾶλλα
484 1288 848 1362 ἐξαρτυόμενος
876 1292 925 1352 ἐς
963 1290 1056 1358 τὴν
1092 1289 1268 1353 ἔξοδον
1289 1290 1379 1343 τὸν
1403 1295 1636 1343 πλεῖστον
1663 1294 1754 1358 τῆς
1774 1286 1966 1359 ἡμέρας
1994 1287 2123 1343 ἀνά-

289 1382 419 1430 λωσε
444 1373 650 1447 χρόνον.
737 1375 814 1429 διὸ
854 1375 916 1443 δὴ
945 1374 1038 1443 τὴν
1078 1372 1362 1447 παράταξιν
1390 1375 1441 1437 ἐς
1468 1374 1562 1444 τὴν
1591 1376 1831 1428 ἐπιοῦσαν
1861 1375 2123 1444 ἀποθέμε-

288 1482 376 1525 νος
415 1459 581 1531 ἡσυχῆ
617 1461 790 1530 ἴμεινε.
877 1465 928 1514 Γ
926 1458 1143 1531 όνθαρις
1181 1462 1236 1514 δὲ
1271 1459 1426 1515 αὐτὸν
1458 1461 1739 1530 ἐξεπίτηδες
1762 1460 1854 1529 τὴν
1878 1460 2119 1530 μέλλησιν
2135 1470 2188 1513 15

287 1553 601 1616 πεποιῆσθαι
643 1543 1000 1615 ὑποτοπήσας,
1047 1545 1135 1599 ἅτε
1178 1551 1281 1600 τῶν
1324 1545 1692 1618 πρασσομένων
1727 1544 2119 1614 αἰσθανόμενον,

288 1632 344 1686 ἐκ
370 1638 462 1686 τοῦ
489 1634 749 1704 ἐμφανοῦς
773 1629 863 1686 τόν
889 1653 943 1685 τε
971 1627 1130 1703 φόνον
1157 1637 1250 1686 τοῦ
1281 1637 1570 1704 στρατηγοῦ
1596 1633 1679 1685 καὶ
1708 1636 1802 1702 τῆς
1824 1634 2122 1705 τυραννίδος

292 1716 387 1788 τὴν
414 1719 642 1772 ἐπίθεσιν
666 1719 902 1771 ἐπιτελεῖν
928 1716 1068 1787 ἔγνω.

111 1779 156 1824 H
183 1778 268 1881 428
466 1800 558 1867 κς’.
641 1801 839 1877 Ἡμέρᾳ
876 1824 930 1856 τε
967 1808 1031 1874 τῇ
1069 1802 1386 1874 ἐπιγενομὲνῃ
1431 1802 1583 1856 ἐποίει
1605 1798 1742 1856 τάδε.
1829 1800 1925 1864 τὰς
1958 1798 2124 1865 πύλας

292 1886 646 1955 ἀναπετάσας,
692 1881 752 1943 οἷ)
793 1889 856 1957 δὴ
894 1887 1050 1950 αὐτὸς
1084 1887 1316 1959 φυλακὴν
1350 1885 1444 1955 εἶχε
1459 1929 1476 1953 ,
1523 1888 1705 1949 λίθους
1726 1889 1820 1954 μὲν
1851 1885 2191 1958 ὖπερφυεΐςΞο

290 1973 496 2043 ἔνερθεν
534 1973 745 2043 ἔθηκεν,
811 1971 881 2034 ὥς
915 1970 988 2041 μή
1025 1994 1101 2034 τις
1139 1972 1301 2034 αὐτὰς
1337 1972 1616 2026 ἐπιτιθέναι
1642 1971 1862 2034 εὐπετῶς
1889 1971 2117 2039 δύναιτο,

291 2058 485 2130 ἄνδρας
521 2081 575 2112 τε
614 2057 1091 2128 τεθωρακισμένους
1127 2057 1298 2111 καὶτὰ
1332 2055 1458 2121 τόξα
1482 2059 1534 2111 ἐν
1559 2061 1732 2129 χερσὶν
1760 2058 1967 2126 ἔχοντας
1988 2059 2121 2127 ἀμφὶ

288 2143 383 2208 τὰς
399 2141 632 2208 ἐπάλξεις
657 2143 875 2205 πολλοὺς
897 2142 1123 2212 ἔστησεν,
1171 2140 1327 2204 αὐτός
1349 2164 1402 2197 τε
1423 2142 1514 2197 τὸν
1538 2140 1759 2215 θώρακα
1781 2143 1927 2206 ἐνδὺς
1948 2142 2120 2214 εἱστή-

407 2309 476 2355 12.
504 2322 554 2353 τε
580 2305 667 2366 γὰρ
697 2309 795 2355 Hm.
856 2323 900 2352 τι
928 2304 1014 2365 γὰρ
1044 2308 1138 2351 HL.
1196 2305 1284 2365 γάρ
1313 2307 1361 2350 Ρ.

290 2465 509 2507 tendebat.
569 2464 665 2508 Hac
707 2470 847 2507 mente
876 2464 1060 2507 Cutzina
1088 2468 1133 2506 et
1162 2462 1317 2506 Antala
1355 2461 1601 2507 Maurorum
1631 2463 1862 2507 exercitum
1891 2463 1943 2507 ad
1975 2464 2119 2508 urbem

292 2522 596 2578 Carthaginem
650 2522 995 2574 admoventibus,
1057 2519 1289 2565 Areobindi
1327 2520 1499 2563 caedem
1540 2521 1780 2564 Gontharis
1823 2522 2118 2574 meditabatur,

291 2593 467 2634 eamque
496 2579 538 2620 in
568 2579 686 2633 acic,
736 2594 790 2621 ne
830 2594 915 2635 qua
944 2587 1060 2622 esset
1089 2578 1255 2633 species
1296 2587 1532 2634 occupatae
1558 2579 1825 2635 tyrannidis,
1871 2579 1935 2621 ita
1964 2594 2122 2636 perpe-

290 2642 409 2680 trare
437 2636 621 2686 volebat,
657 2640 705 2678 ut
735 2637 789 2679 ab
820 2637 914 2678 aliis
941 2635 1063 2679 illata
1087 2635 1295 2690 Magistro
1326 2635 1501 2678 militum
1525 2636 1735 2692 pernicies
1764 2635 1996 2689 videretur,
2027 2637 2121 2694 ipse

290 2707 395 2736 vero
426 2692 598 2741 Africae
627 2692 843 2748 imperium
873 2700 1102 2749 cogeretur
1131 2693 1348 2749 arripere,
1393 2708 1444 2735 ne
1474 2693 1518 2735 id
1550 2693 1631 2735 sibi
1661 2693 1837 2736 Romani
1867 2693 2018 2736 milites
2048 2708 2120 2735 ar-

290 2755 506 2805 rogarent.
567 2750 707 2804 Igitur
735 2751 830 2792 dolo
860 2749 1195 2793 circumveniens
1225 2749 1522 2802 Areobindum‚
1557 2750 1596 2792 ei
1627 2752 1796 2800 suadet,
1825 2754 1873 2792 ut
1902 2750 1944 2793 in
1975 2751 2119 2793 hostes

289 2806 374 2850 iam
414 2806 670 2861 Carthagini
699 2808 916 2863 proximos
957 2823 1038 2851 una
1068 2821 1208 2850 secum
1249 2814 1388 2850 exeat.
1457 2808 1605 2851 Placet
1643 2808 1872 2850 exercitum
1913 2809 2119 2864 postridie

293 2863 428 2920 primo
469 2863 559 2906 sole
587 2865 632 2906 in
660 2865 897 2907 Barbarum
939 2865 1109 2908 ducere.
1171 2865 1326 2907 Verum
1358 2864 1411 2907 ad
1442 2865 1549 2907 haec
1584 2864 1702 2908 rudis
1730 2865 1958 2922 segnisque
1987 2867 2120 2908 Areo-

293 2919 469 2972 bindus,
524 2934 618 2963 cum
645 2927 810 2978 tempus
850 2922 966 2965 nulla
1009 2922 1063 2964 de
1094 2935 1222 2964 causa
1250 2923 1473 2970 traheret,
1520 2923 1740 2965 maximam
1770 2922 1854 2964 diei
1884 2926 2044 2977 partem
2074 2921 2118 2964 in

293 2977 599 3021 considerando
630 2993 712 3034 quo
742 2983 869 3035 pacto
900 2994 1016 3022 arma
1042 2979 1265 3030 indueret,
1309 2987 1439 3035 atque
1466 2979 1512 3022 in
1541 2979 1657 3023 exitu
1684 2979 1927 3022 adornando
1958 2979 2120 3020 contri-

288 3034 370 3077 vit.
440 3034 723 3085 Quamobrem
751 3035 914 3078 reiecta
951 3037 996 3078 in
1025 3036 1134 3079 diem
1176 3043 1420 3091 sequentem
1451 3051 1620 3092 pugna,
1668 3050 1714 3078 se
1743 3035 1854 3078 domi
1896 3036 2118 3080 continuit.

289 3092 400 3135 Tum
427 3098 546 3134 ratus
570 3092 804 3134 Gontharis
833 3107 942 3145 eum,
974 3094 1126 3135 fraude
1154 3092 1385 3147 intellecta,
1416 3107 1555 3136 moras
1585 3093 1638 3136 de
1664 3092 1873 3135 industria
1902 3092 2117 3146 nexuisse,

291 3154 444 3205 aperte
474 3148 728 3204 Magistrum
754 3149 932 3196 militum
970 3166 995 3194 e
1023 3149 1160 3193 medio
1189 3150 1368 3203 tollere,
1416 3157 1462 3194 et
1489 3150 1754 3206 tyrannidem
1796 3165 2011 3207 occupare
2041 3150 2117 3194 dc-

290 3205 441 3250 crevit.

404 3265 477 3308 26.
532 3261 749 3305 Postridie
778 3262 885 3306 haec
915 3262 1005 3318 egit
1034 3262 1283 3305 Gontharis.
1339 3263 1526 3306 Reclusa
1554 3268 1703 3321 porta,
1744 3263 1864 3306 cuius
1894 3263 2114 3307 custodiae

292 3326 519 3375 praeerat,
561 3319 852 3375 praegrandes
890 3319 1055 3375 lapides
1086 3319 1140 3361 ad
1170 3320 1349 3363 inferius
1387 3321 1510 3362 limen
1550 3322 1768 3374 advolvit,
1810 3337 1863 3363 ne
1895 3321 1988 3378 quis
2023 3335 2112 3363 eam

293 3376 421 3420 facile
450 3378 700 3420 clauderet:
731 3391 781 3420 ac
823 3376 976 3420 milites
1006 3376 1207 3419 loricatos
1238 3378 1504 3433 arcubusque
1532 3379 1758 3421 instructos
1789 3393 1939 3434 magno
1970 3393 2113 3420 nume-

292 3447 341 3477 ro
371 3434 426 3489 ad
454 3449 662 3478 murorum
693 3434 843 3492 pinnas
870 3434 1087 3519 locavit}
1102 3434 1196 3492 ipse
1232 3434 1369 3478 lorica
1403 3435 1585 3479 munitus
1613 3436 1658 3478 in
1692 3436 1830 3480 media
1858 3441 1982 3493 porta
2012 3449 2112 3478 con-
