2098 3874
795 244 1192 299 PRAEFATIO.
1845 260 1915 299 xv
1989 293 1996 303 .

96 401 445 453 humanissime
477 395 871 449 communicavit.
942 397 1018 446 Ac
1053 415 1116 448 ne
1149 398 1336 448 iudicio
1371 406 1461 447 tuo
1498 396 1769 463 quidquam
1793 398 1914 446 sub-

94 488 366 549 traherem,
402 485 568 534 omnia
599 483 881 532 fidelissime
916 484 1127 548 exposui
1161 484 1214 533 in
1249 486 1404 533 Tomo
1440 483 1627 532 altero:
1682 499 1782 547 quo
1817 483 1912 531 Le-

96 574 283 623 ctiones
322 570 483 620 varias
517 577 567 618 et
601 568 861 633 utriusque
906 576 1072 617 textus
1109 571 1475 620 emendationes
1519 567 1685 618 reieci.
1755 569 1913 618 Porro

93 661 138 709 si
181 674 260 707 me
303 656 497 714 audies,
546 654 833 721 priusquam
883 660 1034 719 caput
1079 654 1284 720 aliquod
1330 656 1491 720 legas,
1541 652 1649 701 illic
1682 652 1916 719 inspicies

93 759 219 810 qnae
269 741 333 790 ad
366 741 528 807 ipsum
571 739 874 806 pertinent·
915 737 1028 798 Quo
1077 738 1163 787 fiet
1212 748 1270 788 ut
1313 747 1363 789 te
1397 756 1491 788 nec
1526 738 1702 787 menda
1737 738 1909 804 Typo-

90 826 326 894 graphica
358 832 642 888 morentur,
692 841 783 873 nec
828 822 974 872 facile
1018 823 1075 871 in
1128 841 1343 873 errorem
1382 823 1623 873 inducant
1668 825 1910 874 nonnulla

88 907 414 980 παρορᾶματα
445 927 578 973 mea,
615 927 644 958 a
677 926 757 959 me
791 916 900 957 tum
936 909 1098 957 solum
1134 909 1498 970 animadversa,
1535 924 1651 956 cum
1685 908 1783 956 iam
1818 915 1907 974 ty-

90 997 168 1063 pis
215 1014 332 1046 cusa
373 995 652 1060 relegerem.
722 993 888 1059 Relegi
936 1002 1100 1043 autem
1148 994 1312 1043 omnia
1362 1010 1503 1058 quam
1542 992 1908 1042 accuratissime

88 1080 262 1148 potui,
309 1087 360 1129 et
393 1079 592 1145 quidem
624 1078 786 1128 animo
825 1079 1086 1128 Censorio:
1136 1080 1204 1127 ita
1250 1085 1309 1126 ut
1358 1078 1642 1143 ubicunque
1685 1095 1916 1144 peccasse

89 1182 168 1214 me
210 1164 342 1227 vidi,
390 1165 616 1231 culpam,
663 1171 723 1212 ut
757 1181 849 1230 par
884 1172 984 1227 est,
1033 1163 1157 1212 mihi
1198 1163 1304 1229 ipse
1344 1163 1636 1211 nominatim
1672 1163 1908 1227 assignem

88 1251 140 1299 in
173 1249 595 1299 emendationibus
635 1248 772 1300 meis.
841 1248 999 1298 Multo
1037 1256 1201 1297 autem
1236 1247 1430 1314 saepius
1466 1265 1771 1313 peccassem,
1812 1248 1911 1295 nisi

87 1335 223 1385 domi
268 1335 621 1385 consuluissem
668 1333 837 1383 virum
878 1333 1157 1400 disciplinis
1207 1333 1622 1396 excultissimum,
1670 1334 1722 1383 P.
1758 1334 1910 1382 Ioan-

86 1437 199 1470 nem
242 1420 510 1487 Fayonum.
577 1419 630 1467 Si
676 1418 797 1484 quid
839 1427 1091 1486 praeterea
1132 1418 1483 1483 corrigendum
1517 1417 1790 1479 videbitur,
1841 1417 1909 1465 li-

84 1505 256 1554 benter
288 1523 317 1554 a
349 1505 598 1554 monitore
632 1503 807 1569 quovis
843 1505 1104 1571 accipiam,
1141 1513 1191 1553 et
1223 1504 1517 1553 beneficium
1550 1502 1822 1570 profitebor
1854 1504 1908 1550 in

84 1589 250 1639 Notis:
304 1606 458 1656 quae,
508 1589 552 1639 si
596 1589 726 1638 Deus
773 1588 975 1651 siverit,
1025 1589 1238 1655 primam
1275 1596 1467 1654 partem
1518 1588 1737 1637 efficient
1785 1587 1909 1636 tomi

83 1674 217 1724 tertii
252 1669 335 1741 *).
402 1674 574 1725 Altera
618 1691 734 1740 pars
781 1673 1025 1722 constabit
1071 1690 1136 1722 ex
1185 1674 1448 1740 Opusculis
1489 1671 1729 1735 Ponticis,
1778 1688 1907 1737 quo·-

82 1776 195 1808 rnm
244 1757 330 1807 hic
379 1760 552 1808 seriem
597 1775 895 1824 proponam.
964 1758 1249 1822 Elegantem
1293 1758 1450 1807 habeo
1495 1757 1669 1823 templi
1717 1758 1766 1806 S.
1809 1758 1909 1804 So-

82 1843 230 1911 phiae
264 1851 314 1893 et
347 1843 569 1892 ambonis
606 1842 878 1910 ἔκφρασιν,
915 1859 1062 1906 quam
1098 1844 1282 1892 Paulus
1317 1843 1652 1904 silentiarius,
1690 1841 1906 1907 aequalis

82 1929 352 1995 Procopio,
411 1927 633 1978 versibus
681 1926 884 1993 scripsit
925 1926 1251 1990 hexametris„
1318 1944 1526 1976 numero
1562 1943 1714 1992 supra
1752 1930 1905 1979 1200.

82 2011 215 2063 Haec
261 2013 326 2062 ad
360 2011 589 2080 Procopii
634 2012 788 2061 libros
825 2011 887 2060 de
922 2010 1175 2061 Aedificiis
1226 2020 1340 2079 apta
1377 2013 1471 2062 erit
1505 2011 1759 2079 appendix
1797 2028 1911 2060 cum

82 2098 384 2148 collectione
427 2098 835 2165 epigrammatum
881 2105 1105 2146 veterum
1141 2098 1570 2162 Christianorum,
1625 2113 1751 2162 quae
1786 2097 1908 2145 olim

82 2182 539 2250 Constantinopoli,
586 2190 637 2231 et
668 2183 721 2230 in
756 2181 866 2230 aliis
902 2182 1134 2232 Graeciae
1171 2183 1478 2246 civitatibus,
1514 2181 1667 2233 sacris
1705 2181 1906 2230 aedibus

79 2267 317 2334 inscripta
349 2267 646 2333 legebantur.
716 2267 774 2316 Id
809 2274 992 2331 totum,
1039 2284 1102 2317 ex
1136 2269 1271 2317 MSS.
1305 2269 1538 2319 Palatinis
1573 2267 1907 2318 Bibliothecae

81 2350 345 2402 vaticanae
378 2353 752 2419 depromptum,
791 2352 859 2400 ad‘
888 2370 966 2401 me
1000 2353 1135 2402 misit
1157 2354 1235 2402 111.
1271 2356 1427 2404 Lucas
1451 2354 1754 2404 Holstenius.
1811 2352 1905 2401 Hi·-

81 2436 283 2486 storiam
317 2437 672 2504 Procopianam
707 2436 1004 2502 contingunt
1046 2438 1251 2504 Corippi
1285 2439 1401 2488 libri
1440 2447 1655 2505 quatuor
1690 2439 1750 2487 ‹le
1776 2439 1902 2510 &lau-

80 2520 225 2570 dibus
258 2521 434 2571 Iustini
478 2522 698 2572 minoris.
785 2522 890 2571 Hos
928 2523 1087 2573 multo
1129 2523 1463 2588 castigatiores
1500 2541 1704 2590 possum
1741 2520 1899 2585 edere,

79 2606 328 2656 adiunctis
374 2607 532 2658 Ruizii
574 2607 789 2674 Assagrii
839 2614 889 2656 et
923 2607 1199 2674 Dempsteri
1234 2608 1661 2663 AnnotationibuS.
1729 2610 1899 2675 Neque

81 2690 214 2739 enim
257 2689 450 2741 animus
492 2700 567 2742 est
621 2710 901 2758 quenquam
957 2693 1188 2744 fraudare
1232 2693 1426 2744 honesti
1472 2694 1658 2744 laboris
1712 2695 1898 2744 fructu.

0 2785 1 2792 ¹
80 2773 254 2824 Latino
290 2775 408 2826 huie
442 2778 648 2841 Poetae,
686 2779 783 2827 iam
819 2779 894 2827 bis
931 2778 1127 2843 quidem
1163 2779 1312 2840 edito,
1348 2781 1435 2828 sed
1471 2781 1619 2845 plane
1654 2798 1682 2827 a
1714 2779 1897 2828 Biblio-

79 2859 211 2926 polis
245 2860 508 2926 distracto,
561 2863 741 2913 addere
774 2864 949 2913 vellem
985 2863 1254 2928 Graecum,
1306 2865 1391 2929 qui
1428 2865 1702 2932 Corippum
1730 2866 1901 2915 videre

0 2989 4 2998 .
80 2945 275 3011 potuit3
324 2947 589 3013 Georgium
614 2949 727 2998 dico
755 2949 991 3012 Pisidam,
1031 2967 1233 3015 magnae
1253 2950 1500 3001 Ecclesiae
1523 2951 1900 3016 constantinop.

80 3028 368 3082 Diaconum.
438 3033 558 3083 Eius
593 3034 724 3098 libri,
760 3034 1008 3083 Holstenii
1043 3034 1301 3098 beneficio,
1337 3055 1487 3105 penes
1523 3054 1600 3086 me
1635 3044 1779 3099 sunt,
1817 3036 1901 3085 ad-

78 3111 181 3164 huc
212 3115 411 3179 inediti,
458 3118 519 3169 de
553 3120 803 3170 Laudibus
837 3119 1052 3169 Heraclii
1088 3122 1432 3188 Imperatoris,
1487 3122 1616 3171 duoz
1664 3122 1725 3170 de
1759 3122 1899 3171 Bello

79 3198 277 3251 Persico
312 3202 531 3255 eiusdem
554 3204 796 3272 Heraclii,
832 3213 957 3255 tres:
996 3206 1059 3256 de
1092 3207 1230 3256 Bello
1254 3207 1466 3257 Avarico
1503 3207 1565 3257 ad
1601 3223 1768 3256 muros
1804 3223 1899 3256 ur·-

79 3280 160 3332 bi·
193 3286 570 3358 constantinop.
623 3309 763 3342 unus.
831 3291 935 3343 Nec
980 3292 1106 3342 male
1143 3292 1354 3359 Georgio
1402 3292 1593 3343 Pisidae
1640 3292 1900 3343 conveniet

193 3547 281 3604 1⁶)
336 3550 424 3604 Qd
452 3566 535 3597 non
561 3554 767 3612 prodiit]
