2184 3822
280 201 395 259 128
1018 194 1351 252 PROCOPII

275 344 404 398 πίων
434 362 488 395 τε
515 340 598 394 καὶ
621 336 823 409 χωρίων
850 334 1171 407 ἦμιφλέκτων
1193 338 1387 402 διεξιών
1408 339 1479 402 εἷς
1503 338 1561 393 τὸ
1590 340 1790 395 ἱππικὸν
1819 339 2099 408 ἀναβαίνει.

275 431 359 483 καὶ
398 426 565 494 ἐπειδὴ
604 426 715 494 περὶ
753 422 846 490 τὴν
877 422 1136 476 Βενέτειον
1178 422 1385 494 ἐγεγόνει
1424 425 1612 491 στοὰν,
1667 424 1701 494 ’ἢ
1732 431 1825 480 τοῦ
1852 429 2102 494 βασιλέως

271 512 469 585 θρόνου
506 512 556 563 ἓν
596 512 734 581 δεξιᾷ
772 509 937 574 ἔστιν,
985 505 1250 574 ἐβούλευσε
1279 511 1372 577 μὲν
1414 511 1494 563 ἐπὶ
1528 515 1731 581 πρῶτον
1759 510 1913 564 αὐτὸν
1935 511 2099 566 ’Υπά-

271 621 380 652 τιον
407 597 529 649 ἴέναι
543 635 559 660 ,
605 593 846 663 βραχείας
872 594 927 646 δὲ
961 592 1118 663 οῦσης
1142 595 1372 648 ἐνταῦθα
1403 597 1644 662 πυλίδος,
1688 595 1722 664 ἢ
1747 595 2099 651 ἀποκέκλειστό

267 706 322 736 τε
347 685 429 735 καὶ
457 679 557 733 ὑπὸ
584 684 687 731 τῶν
716 677 858 740 ἐντὸς
879 676 1125 732 εΥπατιόυ
1154 686 1481 751 στρατιωτῶν
1504 678 1816 751 ἐφυλάσσετο
1833 722 1850 747 ,
1898 693 2138 752 κατωρ-5

270 766 466 839 ρώδησε
492 761 564 832 μή
600 764 648 817 οἱ
689 765 742 816 ἓν
777 770 936 836 στενῷ
960 765 1254 838 πονουμένῳ
1294 763 1319 819 ὃ
1345 768 1508 834 δῆμος
1532 766 1918 834 ξυνεπιθέμενος
1942 766 2099 821 αὐτόν

266 875 320 906 τε
343 854 427 904 καὶ
453 850 572 911 τοῦς
595 846 867 915 ἑπομένους
893 848 1124 913 ἅπαντας
1148 852 1542 922 διαφθείραντες
1570 848 1697 925 ῥᾷόν
1714 873 1766 904 τε
1784 854 1868 904 καὶ
1896 850 2099 906 ἀπονώ-

268 959 414 1007 τερον
442 937 521 988 ἐπὶ
549 929 1086 1005 βασιλέαὲχωρήσωσι.
1142 933 1471 1005 λογισάμενος
1506 929 1596 989 οὗν
1623 934 1692 997 ὥς
1718 937 1765 988 οἱ
1793 938 1871 988 ἐπὶ
1891 937 1979 990 τὸν
2005 940 2099 1007 δῆ-
2143 983 2145 985 .

266 1046 364 1092 μον
390 1021 521 1075 ἷτέον
543 1022 706 1085 ἐστὶν,
754 1019 810 1072 οἳ
827 1021 878 1072 ἓν
903 1026 975 1093 τῷ
997 1020 1300 1094 ἱπποδρόμῳ
1331 1019 1605 1088 ἑστήκεσαν
1617 1062 1634 1087 ,
1676 1018 1861 1088 πλήθει
1897 1043 1952 1076 τε
1974 1022 2099 1090 ἅμε-

267 1131 380 1178 τροι
422 1108 505 1160 καὶ
537 1105 668 1174 μετὰ
704 1109 895 1174 πολλῆς
938 1105 1187 1174 ἀκοσμίας
1222 1104 1315 1159 ὑπ’
1359 1104 1594 1174 ἀλλήλων
1631 1103 1918 1174 ὠθούμενοι
1930 1148 1947 1173 ,
1996 1107 2096 1161 ἀπὸ
2114 1123 2166 1173 m

200 1211 238 1254 Β
267 1199 359 1247 τοῦ
388 1184 564 1246 κολεοῦ
589 1191 647 1244 τὸ
687 1193 833 1261 ’ξίφος
870 1188 1123 1261 ἀράμενος
1153 1199 1263 1254 τοῖς
1301 1213 1356 1245 τε
1379 1191 1552 1254 ἄλλοις
1579 1192 1711 1245 κατὰ
1747 1192 1912 1245 ταῦτὰ
1941 1202 2097 1248 ποιεῖν
2163 1226 2167 1234 -

267 1279 592 1348 ἐπαγγείλας,
642 1273 819 1347 δρόμῳ
862 1297 915 1328 τε
956 1278 1039 1328 καὶ
1070 1283 1266 1348 κραυγῇ
1296 1277 1383 1330 ἐπ’
1430 1277 1618 1340 αὐτοὺς
1639 1277 1733 1348 ᾔει.
1779 1275 1806 1330 ὅ
1830 1279 1885 1331 δὲ
1915 1280 2094 1346 δῆμος,

268 1364 356 1418 ἅτε
390 1363 453 1432 δὴ
483 1364 535 1415 ἐν
576 1359 739 1433 ὁμίλῳ
780 1362 862 1412 καὶ
889 1359 982 1414 οὐκ
1019 1362 1071 1414 ἐν
1104 1361 1243 1425 τάξει
1269 1358 1555 1429 ἱστάμενοι,
1589 1362 1755 1431 ἐπειδὴ
1779 1361 2098 1432 στρατιώτας

269 1449 402 1503 εἶδον
432 1445 905 1517 τεθωρακισμένους
937 1467 991 1498 τε
1029 1449 1113 1499 καὶ
1149 1445 1304 1510 δόξαν
1341 1447 1535 1515 πολλὴν
1567 1447 1652 1500 ἐπί
1682 1469 1735 1501 τε
1774 1447 1985 1524 ἀνδρείᾳ
2011 1451 2095 1503 καὶ

266 1535 499 1601 πολέμων
519 1532 750 1603 ἐμπειρίᾳ
779 1529 1003 1597 ἔχοντας,
1037 1533 1119 1583 καὶ
1144 1542 1253 1594 τοῖς
1275 1534 1467 1603 ξίφεσιν
1489 1531 1702 1607 οὐδεμιᾷ
1725 1536 1898 1604 φειδοῖ
1913 1535 2093 1588 παίον-
2108 1539 2173 1601 1273

262 1641 388 1685 τας,
434 1620 486 1679 ἐς
509 1616 675 1688 φυγὴν
714 1614 968 1685 ὥρμηντο.
1010 1623 1235 1687 κραυγῆς
1274 1620 1330 1671 δὲ
1352 1623 1571 1686 πολλῆς,
1595 1615 1690 1681 -ὦς
1724 1618 1784 1672 τὸ
1809 1619 1968 1685 εἲκός,
2014 1641 2095 1690 γε·
2167 1614 2170 1618 ’

261 1704 534 1775 γενημένης
547 1743 563 1767 ,
611 1702 826 1770 πλησίον
851 1723 949 1755 που
978 1699 1202 1771 ἑστηκὼς
1224 1707 1475 1766 Μοῦνδος
1498 1706 1582 1757 καὶ
1613 1701 1926 1772 βουλόμενος
1948 1704 2096 1775 ἔργου

259 1789 471 1858 ἔχεσθαι
498 1782 595 1861 (ἦν
617 1784 714 1857 γάρ
741 1807 816 1848 τις
840 1786 1098 1856 τολμητὴς
1118 1791 1203 1841 καὶ
1227 1787 1604 1860 δραστήριος),
1668 1788 2020 1859 ἀπορούμενος
2042 1791 2098 1845 δὲ
2138 1792 2174 1830 “’·’

258 1869 294 1947 ᾗ
311 1873 556 1946 χρήσεται
585 1881 693 1933 τοῖς
730 1877 1016 1941 παροῦσιν,
1062 1874 1230 1943 ἐπειδὴ
1271 1873 1579 1945 ἐτεκμήρατο
1625 1872 1694 1936 ὥς
1720 1873 2020 1947 Βελισάριος
2043 1876 2096 1930 ἓν

258 1958 498 2034 τῷπόνῳ
526 1958 632 2026 εἴη,
675 1956 833 2018 εὐθὺς
867 1958 946 2009 ε’πὶ
978 1958 1036 2011 τὸ
1074 1958 1411 2031 ἱπποδρόμιον
1440 1959 1524 2013 διὰ
1562 1964 1655 2027 τῆς
1676 1957 1907 2027 εἰσόδου,
1950 1959 1984 2031 ἣ
2011 1983 2092 2015 νε-

193 2065 231 2108 c
260 2045 358 2117 κρὰ
394 2049 649 2108 καλεῖται,
695 2040 962 2109 εἰσβάλλει.
1006 2040 1122 2097 τότε
1158 2045 1222 2112 δὴ
1263 2043 1582 2116 ἑκατέρωθεν
1621 2045 1668 2099 οἱ
1689 2042 1938 2100 ‘Ynatlov
1964 2068 2095 2100 στα-
2132 2045 2177 2113 ,[,’

255 2137 436 2185 σιῶται
461 2128 592 2183 κατὰ
630 2125 816 2199 κράτος
851 2125 1195 2197 πλησσόμενοι
1234 2133 1606 2202 διεφθείροντο.
1654 2131 1756 2184 ἐπεὶ
1791 2129 1901 2200 δὲἦ
1929 2133 2093 2202 τροπὴ
2152 2166 2173 2185 ,ι

258 2215 472 2288 λαμπρὰ
500 2211 711 2285 ἐγεγόνει
746 2215 831 2266 καὶ
870 2211 1030 2285 φόνος
1065 2208 1127 2283 ἦν
1149 2221 1243 2269 τοῦ
1271 2214 1438 2287 δήμου
1463 2215 1565 2287 ἤδη
1591 2216 1751 2279 πολὺς
1763 2257 1782 2284 ,
1828 2220 2094 2290 Βοραὸίδης
2152 2228 2159 2244 ’

371 2390 414 2438 4.
443 2389 799 2450 ἇποκὲκλειστο]
834 2388 1104 2438 α’ποκέκλιτο
1133 2393 1173 2436 A
1200 2407 1314 2439 corr.
1431 2396 1499 2441 11.
1527 2393 1677 2442 toevtoi
1708 2395 1761 2439 L.
1789 2396 1942 2441 ταῦτα
1971 2395 2024 2439 Ρ.
2131 2378 2176 2464 η’

258 2537 422 2581 aditum
450 2535 585 2579 iubet.
643 2533 723 2578 Ille
750 2533 864 2578 inter
891 2534 1047 2579 rudera
1077 2539 1123 2580 et
1150 2537 1246 2581 loca
1276 2535 1472 2581 incendio
1503 2536 1743 2581 deformata
1771 2551 1853 2580 non
1884 2537 1977 2581 sine
2005 2535 2094 2581 dis-
2145 2559 2149 2562 ·

260 2594 436 2638 crimine
473 2600 518 2636 et
556 2593 704 2635 labore
743 2607 894 2648 magno
934 2593 989 2636 ad
1029 2594 1198 2637 Circum
1238 2593 1403 2646 evasit,
1449 2597 1494 2637 et
1534 2608 1612 2652 pro
1646 2610 1670 2638 e
1699 2595 1920 2638 Venetiam
1951 2595 2151 2653 consi-'⁸-

260 2657 377 2695 stens
407 2649 641 2707 porticum,
681 2663 793 2706 quae
831 2654 898 2692 est
939 2665 965 2692 a
1005 2651 1163 2695 dextra
1202 2651 1408 2695 Caesarei
1446 2651 1566 2705 solii,
1638 2667 1663 2694 e
1691 2651 1934 2695 invadendo
1959 2653 2093 2710 primo

261 2707 440 2751 omnium
469 2707 564 2763 ipso
594 2706 789 2762 Hypatio
830 2707 1053 2761 cogitavit.
1111 2709 1200 2752 Sed
1238 2713 1420 2766 propter
1448 2708 1671 2764 angustias
1700 2716 1879 2767 portae,
1909 2723 2020 2765 quae
2049 2701 2174 2772 etf3,

258 2767 402 2808 clausa
431 2769 526 2807 erat
553 2769 600 2806 et
627 2762 807 2819 Hypatii
846 2764 1049 2808 satellitio
1090 2765 1251 2810 munita
1275 2766 1429 2819 intus,
1468 2765 1612 2809 timuit
1640 2780 1694 2808 ne
1721 2765 1923 2824 iniquiori
1949 2765 2110 2824 spatio‘

257 2821 515 2878 impeditus,
555 2821 609 2863 ab
650 2820 838 2862 irruente
878 2822 1036 2877 populo
1078 2823 1395 2880 opprimeretur
1435 2836 1531 2866 cum
1571 2823 1691 2877 suis,
1730 2830 1776 2866 et
1813 2824 1914 2867 hinc
1955 2823 2092 2879 magis
2141 2833 2146 2838 ’

258 2883 429 2936 pateret
458 2880 678 2933 Augustus
708 2876 985 2934 perduellium
1018 2879 1301 2937 impressioni.
1346 2879 1509 2922 Videns
1538 2880 1675 2935 igitur
1703 2880 1836 2924 satius
1867 2894 1962 2924 esse
1986 2881 2162 2934 mul-“⁶2

256 2935 480 2979 titudinem
521 2933 707 2987 adoriri,
754 2948 865 2990 quae
904 2935 950 2977 in
993 2936 1121 2980 Circo
1160 2939 1328 2990 stabat,
1367 2951 1539 2980 numero
1569 2938 1736 2980 infinita
1765 2935 2138 2994 atqueinordi-nss
2168 2959 2170 2967 ·

258 2992 503 3043 natissima3
533 2993 695 3048 quippe
724 3005 866 3033 omnes
894 2991 1077 3036 invicem
1106 3009 1154 3037 se
1182 2994 1507 3046 contradebant3
1541 2993 1737 3038 districto
1794 2994 1923 3046 ladio,
1953 2995 2090 3038 idem-
2132 2993 2138 3001 ‘
2163 3021 2167 3030 ›

256 3065 340 3106 que
369 3049 497 3092 iussis
527 3050 671 3091 facere
700 3048 883 3091 caeteris
911 3048 1095 3094 incurrit
1123 3053 1285 3104 eodem,
1314 3050 1589 3094 conclamans.
1650 3052 1767 3095 Simu
1816 3058 1956 3094 autem
1988 3065 2089 3095 con-
2159 3096 2173 3105 n,

253 3109 370 3150 ferta
400 3108 521 3163 plebs
550 3119 686 3162 neque
728 3106 785 3148 ad
825 3119 1008 3161 pugnam
1051 3110 1308 3166 composita,
1349 3108 1534 3160 milites,
1577 3108 1649 3164 qui
1680 3115 1724 3151 et
1762 3107 2015 3151 fortitudine
2043 3111 2088 3152 et
2112 3108 2163 3163 ‚¹⁶²

253 3164 319 3208 rei
359 3164 539 3206 bellicae
580 3162 739 3220 peritia
780 3162 999 3206 clarissimi
1035 3172 1190 3218 erant,
1229 3167 1378 3210 adesse
1407 3164 1610 3208 loricatos
1640 3179 1720 3208 nec
1758 3166 1875 3207 ferro
1906 3178 2086 3221 parcere

254 3220 583 3271 animadvertit3
614 3223 885 3264 consternata
912 3219 957 3262 in
985 3222 1132 3277 fugam
1160 3228 1240 3268 est.
1300 3223 1481 3273 Exorto,
1512 3226 1560 3264 ut
1587 3235 1658 3265 res
1686 3222 1871 3274 ferebat,
1902 3222 2086 3267 clamore
2135 3238 2156 3267 <³

249 3278 441 3334 ingenti,
479 3277 694 3328 MunduS‚
737 3277 810 3334 qui
838 3278 952 3319 haud
983 3279 1134 3334 procul
1163 3279 1436 3331 substiterat,
1477 3291 1528 3320 ac
1556 3292 1646 3321 rem
1675 3279 1872 3336 quidem,
1904 3293 1983 3336 pro
2013 3279 2084 3323 in·
2130 3278 2150 3305 ’ἶ

254 3342 356 3379 nata
386 3334 430 3378 vi
456 3341 586 3391 atque
617 3335 772 3377 ardore
802 3333 942 3387 animi,
972 3335 1144 3378 volebat
1173 3351 1340 3392 gerere,
1371 3336 1581 3378 haerebat
1609 3340 1750 3380 tamen
1781 3336 1949 3380 nescius
1978 3335 2103 3393 quid„

252 3399 419 3449 tempus
449 3395 673 3449 posceret;
716 3391 787 3433 ubi
829 3390 1012 3434 coniecit
1052 3392 1302 3436 Belisarium
1345 3392 1573 3444 dimicare,
1611 3394 1837 3436 confestim
1869 3407 1950 3450 per
1978 3407 2082 3450 por-
2112 3395 2123 3407 ‘

249 3455 364 3504 tam,
395 3463 519 3507 quam
548 3453 706 3492 vocant
734 3447 1064 3500 Libitinensem,
1094 3450 1251 3506 irrupit
1279 3449 1323 3492 in
1354 3449 1537 3493 Circum.
1595 3450 1710 3494 Hinc
1738 3450 1838 3493 inde
1876 3451 1958 3494 iam
1987 3450 2126 3506 Ηγ--,
2164 3452 2175 3499 ᾗ-

250 3506 416 3567 patiani
442 3512 628 3563 stragem
656 3505 886 3564 accipere,
914 3511 958 3550 et
985 3519 1112 3551 manu
1141 3507 1284 3553 valida
1321 3506 1479 3566 passim
1507 3506 1653 3552 sterni.
1711 3507 1872 3566 Populi
1900 3508 2080 3566 patebat
2125 3535 2175 3563 ,fa
