2254 3814
360 187 482 247 444
1116 191 1448 246 PROCOPII

362 327 637 386 διεκώλυεν.
730 329 787 381 οὗ
813 326 909 399 γάρ
938 352 1059 384 ποτε
1086 337 1159 403 τῷ
1186 331 1390 405 πολέμῳ
1412 319 1673 401 Ῥωμαίων
1698 331 2038 404 περιέσεσθαι,
2082 357 2182 386 πα-

363 416 540 489 ρόντος
573 437 625 485 γε
662 413 849 480 αὐτοῦ,
895 417 945 468 ἒν
981 415 1140 469 ἐλπίδι
1167 415 1315 484 εἶχον.
1403 415 1471 479 ὥς
1501 419 1556 470 δὲ
1582 417 1671 486 τὴν
1694 417 1889 489 ἄφοδον
1914 419 2070 472 αὐτοῦ
2095 420 2183 481 ξὺν

360 511 467 563 τοῖς
490 499 831 561 ὑπασπισταῖς
856 500 1014 554 αὐτοῦ
1043 503 1124 553 καὶ
1153 499 1462 572 δορυφόροις
1483 509 1741 556 ποιεῖσθαι
1777 503 2002 571 ’ἥκουσαν
2019 545 2034 567 ,
2080 503 2181 572 ἤδη

357 609 412 640 τε
448 585 544 646 τὰς
577 589 701 645 ναῦς
730 583 824 637 ὑπ’
864 586 1035 639 αὐτῶν
1060 607 1112 639 τε
1142 589 1222 639 καὶ
1253 589 1520 641 Βανδίλων
1547 593 1877 657 πληροῦσθαι
1904 586 2178 654 ἐπύθοντο,

355 671 422 724 τὰ
447 669 581 723 ὅπλα
606 670 902 732 ἐξαπιναίως
929 668 1169 742 ἀράμενοι
1193 671 1400 725 ἅπασαν
1424 678 1580 726 κακοῦ
1602 674 1742 727 ἰδέαν
1765 675 1814 735 ἒς
1836 673 1956 735 τοὺς
1970 674 2224 739 Λίβυαςό

355 756 686 818 ἐπεδείξαντο.
777 755 827 807 οἳ
866 756 962 826 γὰρ
1000 762 1313 825 στρατιῶται
1348 757 1504 828 ὀλίγοι
1539 779 1593 811 τε
1631 760 1683 812 ἓν
1720 756 1906 829 ἑκάστῃ
1948 760 2183 825 ἐσχατιᾶς

351 839 498 913 χώρᾳ
525 842 608 892 καὶ
633 839 704 892 ἔτι
727 838 1074 910 ἀπαράσκευοι
1099 840 1239 904 ὄντες
1255 882 1271 908 ,
1311 842 1651 896 καταθὲουσιν
1687 843 1778 896 οὐκ
1801 842 1864 896 ἂν
1895 840 2026 910 εἶχον
2054 865 2185 895 παν-

353 923 539 993 ταχόσε
580 933 687 986 τοῖς
723 923 1011 997 βαρβάροις
1052 927 1438 994 ἀνθίστασθαι,
1478 928 1598 982 οὐδὲ
1628 928 1722 991 τὰς
1756 928 2067 997 ἕπεκδρομὰς
2092 949 2186 980 συ-

348 1009 477 1079 χνάς
515 1032 568 1064 τε
605 1012 689 1062 καὶ
734 1010 826 1063 οὐκ
857 1012 910 1064 ἐκ
946 1018 1038 1065 τοῦ
1059 1013 1320 1084 ἐμφανοῦς
1342 1013 1606 1084 γινομένας
1633 1011 1975 1067 διακωλύσειν.
2063 1012 2180 1065 ἀλλ’

290 1108 328 1150 C
360 1096 538 1166 ἄνδρες
574 1096 668 1162 μὲν
703 1094 868 1149 οὐδενὶ
895 1094 1068 1171 κόσμῳ
1108 1099 1384 1152 ἐκτείνοντο
1406 1140 1424 1165 ,
1479 1108 1710 1168 γυναῖκες
1739 1100 1793 1152 δὲ
1821 1098 1912 1161 ξὺν
1935 1099 2107 1150 παισὶν
2133 1098 2184 1150 ἓν
2203 1108 2225 1151 1

353 1179 694 1251 ἀνδραπόδων
729 1177 862 1251 λόγῳ
897 1181 1116 1251 ἐγίνοντο
1129 1223 1145 1249 ,
1192 1180 1260 1236 τά
1291 1205 1344 1236 τε
1377 1181 1620 1254 χρήματα
1659 1184 1713 1237 ἐκ
1745 1179 1913 1251 πάσης
1950 1184 2186 1249 ἐσχατιᾶς

353 1266 500 1336 ἤγετο
529 1268 611 1318 καὶ
635 1270 799 1335 φυγῆς
826 1263 856 1333 ἡ
877 1265 1025 1336 χώρα
1049 1266 1291 1335 ξύμπασα
1315 1265 1688 1335 ὑπεπίμπλατο.
1775 1273 1942 1321 ταῦτα
1966 1271 2186 1320 Βελισα-

356 1353 448 1424 ρίῳ
477 1350 577 1419 ἤδη
607 1372 705 1402 που
731 1349 1027 1424 ἇναγομένῳ
1055 1351 1336 1421 ἠγγέλλετο.
1423 1355 1507 1407 καὶ
1538 1353 1694 1416 αὐτὸς
1732 1354 1825 1422 μὲν
1858 1352 2186 1423 ἀναστρέφειν

359 1436 524 1491 οὐκέτι
562 1433 684 1503 εἶχε,
734 1434 1001 1504 Σολόμωνι
1034 1439 1090 1491 δὲ
1124 1437 1304 1491 διέπειν
1339 1437 1400 1491 τὸ
1437 1436 1649 1506 Λιβύης
1685 1435 1870 1507 κράτος
1901 1440 2182 1507 παρείχετο,

358 1521 608 1584 ἀπολέξας
629 1525 732 1574 τῶν
756 1517 1089 1576 ὑπασπιστῶν
1108 1526 1191 1576 καὶ
1225 1521 1532 1595 δορυφόρων
1558 1530 1661 1577 τῶν
1681 1522 1840 1577 αὖτοῢ
1863 1523 2017 1592 μέρος
2048 1527 2183 1575 πλεῖ·
2203 1535 2225 1578 1

358 1620 510 1661 στον·
552 1605 682 1659 ὥστε
718 1601 985 1674 Σολόμωνι
1014 1605 1286 1675 ἑπομένους
1320 1610 1679 1679 Μαυρουσίων
1706 1608 1783 1662 ὅτι
1815 1607 2030 1676 τάχιστα
2068 1607 2189 1669 τοὺς

357 1688 742 1753 ἓπαναστάντας
779 1699 872 1761 τῆς
906 1694 956 1755 ἐς
973 1691 1254 1761 Ῥωμαίους
1282 1693 1479 1757 ἀδικίας
1505 1694 1593 1758 ξὺν
1617 1695 1887 1768 προθυμίᾳ
1920 1698 2082 1763 πολλῇ
2110 1694 2188 1745 τί-

359 1783 576 1831 σασθαι.
666 1778 751 1829 καὶ
800 1778 1042 1846 βασιλεῦς
1092 1780 1148 1832 δὲ
1187 1779 1431 1849 στρατιὰν
1469 1778 1630 1849 ἄλλην
1667 1777 1934 1846 Σολόμωνι
1973 1778 2184 1846 ἔπεμψε,

291 1878 331 1921 Ι)
362 1863 450 1926 ξὺν
480 1858 736 1933 Θεοδώρῳ
761 1883 814 1916 τε
839 1869 913 1936 τῷ
937 1865 990 1916 ἐκ
1015 1866 1390 1927 Καππαδοκίας
1417 1867 1502 1918 καὶ
1522 1865 1776 1935 Ἰλδίγερι·
1824 1862 1880 1925 ὃς
1906 1863 1969 1930 δὴ
1999 1862 2189 1916 Ἀντω-

355 1949 492 2016 νίνης
531 1946 764 2016 γαμβρὸς
794 1954 886 2017 τῆς
925 1951 1230 2019 Βελισαριόυ
1264 1949 1500 2017 γυναικὸς
1535 1945 1618 2019 ἦν.
1707 1949 1875 2017 ἐπειδὴ
1900 1949 1956 2001 δὲ
1980 1953 2084 2001 τῶν
2107 1949 2187 2000 ἐπὶ

357 2029 570 2101 Λιβύης
603 2033 806 2102 χωρίων
837 2033 959 2095 τοὺς
993 2032 1187 2105 φόρους
1212 2034 1376 2088 οὐκέτι
1401 2029 1464 2103 ἦν
1489 2035 1542 2087 ἐν
1564 2037 1926 2106 γραμματείοις
1945 2032 2188 2101 τεταγμέ-

357 2139 478 2180 νους
507 2116 666 2189 εὗρεΐν
679 2156 698 2183 ,
743 2111 872 2190 ᾗπερ
902 2118 1092 2182 αὐτοὺς
1115 2116 1480 2192 ἀπεγράψαντο
1511 2122 1563 2174 ἐν
1588 2129 1696 2183 τοῖς
1718 2119 1823 2173 ἄνω
1841 2115 2045 2190 χρόνοις
2062 2115 2186 2171 Ῥω-

467 2294 510 2337 7.
555 2289 614 2337 ἂν
643 2288 767 2351 εἶχον
795 2296 931 2340 PHm.
990 2291 1204 2352 ἀντεῖχον
1232 2296 1331 2340 HL.
1504 2297 1574 2342 12.
1614 2293 1962 2351 ὑπεπίμπλατο]
1992 2292 2186 2349 ὕπεμπί·

468 2355 615 2396 πλατο
643 2351 697 2398 L.
843 2354 911 2397 15.
955 2350 1180 2407 ἀπολέξας
1208 2354 1331 2409 τῶν]
1361 2349 1586 2408 ἀπολέξας
1617 2355 1694 2399 καὶ
1722 2356 1814 2399 τῶν
1842 2355 1937 2397 HL.
2081 2352 2186 2394 ibid.
2252 2368 2254 2407 ξ

466 2410 704 2512 Ζῖὶωδῦοῖᾏ
734 2424 783 2455 τε
812 2411 911 2467 δορ.
940 2412 1046 2455 HL:
1076 2411 1185 2455 illud
1213 2412 1496 2456 Hoescbelius
1524 2412 1569 2456 in
1599 2418 1745 2457 annot.
1874 2410 1974 2454 ibid.
2007 2405 2184 2464 αὑτοῦ]

357 2637 582 2680 Belisarii=
631 2651 714 2695 quo
734 2642 987 2695 praesente,
1031 2653 1116 2684 non
1140 2641 1373 2696 sperabant
1400 2640 1496 2683 fore
1537 2653 1720 2696 unquam
1769 2641 1817 2681 ut
1843 2637 2045 2681 Romanis
2073 2637 2184 2680 bello

355 2695 598 2750 superiores
636 2697 881 2739 evaderent.
941 2699 999 2740 At
1027 2698 1100 2739 ubi
1128 2697 1266 2754 ipsum
1305 2712 1397 2740 cum
1431 2697 1636 2741 scutariis
1675 2702 1805 2752 atque
1830 2695 2008 2738 hastatis
2039 2701 2184 2750 prote-

355 2752 547 2795 ctoribus
576 2752 664 2795 suis
692 2753 940 2806 discedere,
982 2754 1121 2810 iisque
1147 2756 1231 2798 iam
1262 2769 1314 2797 ac
1342 2755 1547 2797 Vandalis
1575 2753 1746 2810 impleriv
1783 2766 1914 2796 naves
1945 2752 2186 2806 audierunt,

353 2808 532 2863 sumptis
561 2810 788 2866 improviso
817 2811 969 2863 armis,
1013 2825 1154 2854 omnes
1182 2812 1364 2855 nocendi
1393 2818 1509 2854 artes
1536 2811 1582 2853 in
1610 2811 1737 2854 Afros
1766 2823 2006 2852 exercuere.
2065 2808 2184 2851 Mili-

352 2872 420 2908 tes
449 2866 583 2918 enim,
625 2881 716 2909 cum
747 2867 802 2909 ad
832 2867 983 2911 limites
1013 2869 1198 2924 singulos
1227 2875 1272 2911 et
1300 2868 1426 2927 pauci
1455 2873 1622 2921 essent,
1652 2874 1697 2910 et
1723 2865 1944 2923 imparati,
2000 2865 2182 2921 impares
2251 2893 2254 2902 .

350 2936 523 2978 quoque
564 2930 687 2966 erant
722 2923 961 2967 inhibendis
1002 2925 1299 2982 frequentibus
1337 2940 1388 2968 ac
1426 2924 1599 2968 furtivis
1637 2924 1980 2974 excursionibus,
2029 2922 2181 2977 quibus
2251 2972 2254 2982 .

351 2979 491 3022 omnia
518 2980 699 3022 Barbari
730 2982 887 3023 infesta
916 2983 1144 3025 habebant.
1207 2983 1302 3024 Viri
1346 2982 1590 3025 foedissime
1631 2982 1946 3031 mactabantur,
2003 2978 2184 3021 feminae
2229 2990 2254 3036 414

349 3050 445 3078 cum
474 3037 665 3092 parvulis
694 3038 1048 3084 abstrahebantur
1075 3040 1119 3081 in
1141 3040 1412 3091 servitutem3
1442 3038 1655 3082 limitanea
1677 3051 1874 3094 quaeque
1903 3035 2022 3090 regio
2052 3050 2181 3091 prae·
2236 3040 2254 3083 ,Ἰ

349 3093 441 3136 dae·
463 3098 584 3134 erat:
638 3095 794 3149 ubique
835 3095 940 3150 fuga
968 3111 1019 3139 ac
1045 3096 1293 3153 trepidatio.
1363 3096 1432 3138 De
1459 3096 1526 3138 his
1563 3095 1702 3136 factus
1732 3094 1892 3135 certior
1930 3092 2181 3146 Belisarius‚
2235 3071 2254 3135 ἦ

348 3164 443 3193 cum
474 3149 557 3191 iam
586 3164 700 3193 oram
729 3151 940 3204 solveret,
990 3167 1127 3208 neque
1156 3159 1271 3195 esset
1297 3153 1508 3208 integrum
1535 3150 1735 3206 regredi,
1781 3149 1997 3192 Salomoni
2026 3163 2181 3203 regen-

349 3208 447 3251 dam
475 3206 661 3249 Africam
690 3207 891 3261 tradidit,
935 3208 1189 3265 delectuque
1234 3210 1409 3261 habito,
1438 3213 1604 3264 partem
1631 3207 1847 3250 maximam
1878 3205 2180 3249 Praetoriano-

347 3278 437 3307 rum
469 3278 639 3306 suorum
667 3263 866 3319 reliquit3
895 3270 960 3316 ut,
992 3280 1042 3306 eo
1073 3267 1197 3317 duce,
1227 3267 1530 3322 quamprimum
1558 3278 1709 3319 magno
1740 3264 1876 3306 animo
1906 3264 2035 3305 ultum
2067 3262 2179 3304 irent

347 3320 516 3363 nefaria
543 3320 588 3362 in
621 3321 829 3364 Romanos
859 3335 961 3363 ausa
990 3322 1234 3364 Maurorum
1265 3321 1496 3365 rebellium.
1555 3321 1774 3364 Salomoni
1802 3321 2037 3376 Imperator
2074 3318 2180 3360 alias
2227 3347 2230 3350 ι

352 3377 467 3420 misit
507 3376 653 3434 copias
682 3391 774 3420 cum
817 3377 1050 3421 Theodoro
1090 3379 1375 3434 Cappadoce,
1422 3384 1467 3421 et
1495 3378 1705 3431 Ildigere,
1746 3392 1903 3433 genero
1942 3375 2180 3419 Antoninae
2230 3394 2235 3396 >

353 3434 501 3478 uxoris
530 3434 742 3477 Belisarii.
801 3435 861 3477 Et
890 3435 1083 3490 quoniam
1112 3435 1341 3490 vectigalia
1376 3436 1462 3478 iam
1490 3436 1535 3478 in
1563 3435 1701 3478 literis
1730 3441 1774 3476 et
1801 3433 2019 3476 codicibus
2046 3431 2178 3474 ratio-
2226 3461 2238 3470 .

350 3491 483 3535 nariis
523 3491 704 3550 reperiri
733 3505 815 3535 non
855 3498 1079 3550 poterant,
1124 3499 1252 3550 prout
1292 3493 1390 3537 olim
1420 3493 1660 3552 perscripta
1702 3493 1872 3537 fuerant
1898 3504 1926 3534 a
1953 3487 2181 3540 Romanis3
2241 3506 2254 3572 3

2241 3710 2254 3814 5
