2184 3822
209 205 282 263 14
869 292 872 293 f
949 207 1278 265 PROCOPII

205 351 255 410 ἐς
296 346 458 401 τᾶλλα
494 345 726 418 ἀγχίνους
737 388 752 412 ,
807 344 1101 413 βουλεύεται
1139 349 1361 417 βουλὴν,
1411 347 1522 418 ἥτις
1556 350 1605 403 οἳ
1640 346 1727 404 τόν
1762 371 1816 403 τε
1855 355 2011 406 παῖδα

204 434 287 487 καὶ
310 433 403 502 τὴν
431 432 591 505 ἀρχὴν
628 428 989 486 διασώσασθαι
1011 431 1230 497 ἐὐπετῶς
1265 434 1468 503 ἴσχυσεν
1477 474 1496 500 ,
1536 433 1632 488 εἴτε
1655 435 2014 506 κοινολογησά-

201 539 352 587 μενος
376 523 478 572 τῶν
503 518 682 587 λογίων
705 517 864 583 τισὶν,
910 515 1007 571 οἷοι
1041 521 1219 573 πολλοὶ
1255 521 1529 587 βασιλείοις
1552 517 1873 592 παρεδρεύειν
1902 519 2015 575 εῗιό-

197 609 376 669 θασιν,
417 601 451 672 ἢ
479 602 628 664 θείας
665 601 802 664 τινὸς
827 603 1087 666 ἐπιπνοίας
1112 602 1251 678 αὐτῷ
1272 604 1554 674 γενομένης.
1642 603 1896 675 διαθήκης
1919 606 2018 678 γὰρ

199 690 396 750 διαθεὶς
416 684 726 758 γράμματα,
771 684 1009 758 διάδοχον
1042 690 1134 757 μὲν
1173 695 1266 759 τῆς
1285 687 1552 760 ἡγεμονίας
1587 688 1754 744 ἇνεΐπε
1778 691 1866 744 τὸν
1897 700 2060 754 παῖ-5

198 776 294 838 δα,
359 772 629 841 ἐπίτροπον
659 772 719 825 δὲ
754 771 895 847 αὐτῷ
949 770 1293 843 κατεστήσατο
1341 773 1645 845 Ἰσδιγὲρδην
1677 774 1768 828 τὸν
1802 780 2021 847 Περσῶν

198 856 429 925 βασιλέα,
470 849 511 931 ᾧ
544 856 607 926 δὴ
634 856 800 910 πολλὰ
822 859 874 912 ἐν
898 867 1011 921 ταῖς
1035 856 1308 928 διαθήκαις
1335 859 1603 928 ἐπέσκηψε,
1643 861 1903 933 Θεοδοσίῳ
1928 860 2021 929 τὴν

136 953 173 995 Β
201 942 463 1011 βασιλειάν
489 941 661 995 σθένει
695 963 749 995 τε
774 945 858 996 καὶ
880 945 1094 1019 προνοίᾳ
1118 941 1256 1015 πάσῃ
1284 941 1759 1002 συνδιασώσασθαι.
1836 942 2023 1015 Ἀρκά-

204 1030 313 1090 διος
335 1028 430 1096 μὲν
453 1019 551 1080 ὧδε
577 1023 672 1095 τήν
696 1047 749 1081 τε
784 1027 946 1099 ἀρχὴν
971 1031 1054 1083 καὶ
1079 1028 1144 1082 τὰ
1171 1031 1327 1082 οἲκεῒα
1362 1025 1744 1098 διοικησάμενος
1766 1027 2023 1099 ἐτελεύτη-

201 1130 316 1167 σεν·
371 1112 678 1183 Ἰσδιγέρδης
714 1113 770 1166 δὲ
794 1111 820 1166 ὃ
846 1118 1067 1185 Περσῶν
1091 1113 1358 1182 βασιλεὺς,
1404 1116 1506 1167 ἐπεὶ
1534 1113 1593 1168 τὸ
1631 1111 1843 1186 γράμμα
1870 1120 2022 1168 τοῦτο
2038 1129 2094 1174 10

203 1197 479 1266 ἀπενεχθὲν
517 1195 643 1250 εἶδεν
655 1238 671 1262 ,
735 1196 806 1252 ὢν
841 1200 924 1252 καὶ
960 1195 1208 1270 πρότερον
1254 1199 1336 1251 ἐπὶ
1373 1195 1566 1270 τρόπου
1602 1197 2025 1271 μεγαλοφροσύνῃ

206 1281 482 1352 διαβόητος
506 1282 557 1344 ἔς
582 1282 647 1335 τοὶ
667 1281 920 1350 μάλιστα,
965 1284 1149 1356 ἀρετὴν
1179 1285 1461 1347 ἐπεδείξατο
1499 1280 1773 1352 θαύματός
1804 1306 1858 1338 τε
1895 1290 2025 1338 πολ-

206 1373 300 1422 λοῦ
325 1369 407 1421 καὶ
433 1363 584 1437 λόγου
622 1367 786 1430 ἀξίαν.
871 1368 965 1431 τὰς
985 1369 1082 1440 γὰρ
1111 1368 1378 1440 Ἀρκαδίου
1413 1369 1621 1432 ἐντολὰς
1657 1369 1710 1423 ἓν
1731 1369 1911 1444 ἀλογίᾳ
1936 1369 2026 1423 οὖ-

207 1456 355 1527 δεμιᾷ
377 1449 714 1522 ποιησάμενος
735 1449 906 1524 εῗρήνῃ
927 1475 979 1507 τε
1005 1451 1225 1526 ἀφθόνῳ
1245 1451 1508 1524 χριόμενος
1533 1453 1812 1524 διαγέγονεν
1835 1454 1887 1517 ἔς
1901 1453 2027 1509 Ῥω-

203 1539 389 1608 μαίους
425 1537 515 1591 τὸν
554 1534 723 1590 πάντα
750 1536 939 1607 χρόνον
974 1541 1059 1591 καὶ
1087 1539 1346 1611 Θεοδοσίῳ
1391 1538 1484 1607 τὴν
1525 1537 1687 1609 ἀρχὴν
1729 1537 2024 1593 διεσώσατο.
2042 1552 2096 1597 15

204 1622 388 1677 αἰτίκα
408 1626 528 1692 γοῦν
554 1621 682 1693 πρὸς
704 1619 969 1691 Ῥωμαίων
997 1622 1090 1692 τὴν
1108 1621 1303 1692 βουλὴν
1326 1620 1605 1693 γράμματα
1633 1621 1870 1694 ἔγραψεν,
1918 1625 2027 1678 {nl-

201 1704 392 1780 τροπός
416 1728 469 1760 τε
497 1705 590 1760 οὔκ
616 1705 1001 1778 ἀπαρνούμενος
1041 1709 1322 1762 Θεοδοσίου
1346 1707 1597 1775 βασιλέως
1621 1705 1746 1761 εἶναι
1771 1711 1854 1762 καὶ
1878 1706 2028 1762 πόλε-

140 1805 177 1848 C
204 1815 303 1861 μον
326 1789 775 1860 ἐπανατεινόμενος
786 1834 804 1859 ,
847 1792 909 1862 ἦν
935 1813 1012 1856 τις
1033 1791 1174 1869 αὐτῷ
1208 1793 1260 1855 ἐς
1282 1791 1556 1863 ἐπιβουλὴν
1590 1793 1830 1866 ἐγχειροίη
1870 1795 2027 1848 καθί-

201 1883 449 1933 στασθαι.

366 1962 500 2015 Ἐπεὶ
527 1962 583 2015 δὲ
625 1958 901 2024 Θεοδόσιος
925 1963 1017 2030 μὲν
1043 1957 1171 2033 ἀνήρ
1214 1983 1269 2016 τε
1298 1957 1504 2032 ἐγεγόνει
1530 1964 1614 2016 καὶ
1633 1961 1831 2032 ἡλικίας
1851 1959 2028 2036 πόρρω
2040 1980 2099 2026 20

201 2044 415 2119 ἀφῖκτο,
455 2046 760 2118 Ἰσδιγὲρδης
783 2049 839 2100 δὲ
876 2045 1100 2116 νοσήσας
1124 2049 1177 2111 ἐξ
1218 2045 1511 2117 ἀνθρώπων
1540 2045 1795 2118 ἠφάνιστο
1807 2090 1825 2115 ,
1871 2051 2030 2118 ἐπῆλ-

203 2139 298 2187 θεν
329 2134 423 2202 μὲν
462 2133 513 2194 ἔς
540 2129 801 2202 Ῥωμαίων
838 2132 931 2202 τὴν
967 2138 1061 2203 γῗν
1100 2130 1444 2205 Οὐαραράνης
1482 2129 1757 2205 ὅΠερσῶν
1790 2135 2032 2203 βασιλεὺς

318 2286 360 2330 1.
392 2280 565 2342 βουλήν
591 2282 644 2324 L.
686 2282 832 2338 βουλῆ
858 2282 907 2325 Ρ.
1023 2283 1064 2328 3.
1093 2282 1340 2341 βασιλείοις
1368 2283 1420 2326 Α.
1473 2284 1651 2342 βασιλεῖ
1674 2283 1724 2328 Ρ.
1844 2287 1886 2329 6.
1916 2284 2030 2339 τόν]

317 2343 413 2385 τῶν
452 2341 505 2383 Ρ.
678 2343 746 2384 18.
788 2328 1229 2395 ἔπανατεινιίμενος]
1271 2339 1682 2394 ἐπανατεινόμενος
1719 2342 1756 2384 Α
1793 2349 2028 2385 correctus.

315 2400 390 2443 21.
432 2396 629 2454 ἐπῆλθεν
659 2421 711 2429 -
744 2392 907 2453 ἄχαρι]
951 2394 976 2442 ὁ
1007 2399 1197 2456 Περσῶν
1223 2396 1433 2455 βασιλεῦς
1459 2399 1670 2454 εἰσῆλθεν
1709 2400 1775 2451 εἰς
1811 2399 1897 2455 τήν
1919 2397 2029 2444 Ῥω-

320 2456 473 2512 μαίων
500 2457 611 2512 γῆν,
642 2449 780 2500 οὐδὲν
807 2453 858 2500 δὲ
889 2453 1077 2512 ἔδρασεν
1101 2453 1262 2513 ἄχαρι,
1290 2454 1449 2498 Suidas
1475 2469 1512 2498 s.
1541 2470 1584 2500 v.
1610 2455 1764 2513 ἄχαρι.

209 2597 307 2655 gaci
335 2596 530 2654 ingenio,
568 2596 678 2640 viam
706 2597 803 2641 iniit
829 2597 919 2642 filio
948 2601 1076 2655 atque
1103 2598 1288 2656 Imperio
1309 2597 1649 2650 saluberrimam,
1693 2597 1784 2640 sive
1812 2599 1899 2640 tum
1928 2612 2029 2654 ege-

211 2657 271 2699 rit
300 2669 392 2698 curn
422 2655 698 2711 prudentibus
726 2655 829 2698 viris
859 2657 1037 2712 (quales
1065 2657 1183 2700 multi
1216 2655 1404 2700 assidere
1431 2660 1475 2698 et
1502 2670 1530 2699 a
1557 2653 1742 2698 consiliis
1769 2668 1864 2697 esse
1889 2655 2030 2712 Impe-

210 2713 349 2757 ratori
397 2712 567 2767 solent)
615 2712 707 2754 sive
761 2711 907 2755 divino
949 2714 1132 2768 quodam
1170 2718 1292 2757 actus
1333 2711 1534 2755 instinctu
1570 2711 1712 2754 fuerit.
1771 2712 2030 2767 Conscripto

211 2771 320 2814 enim
360 2772 641 2818 testamento,
685 2768 907 2811 haeredem
934 2770 1107 2826 Imperii
1134 2771 1295 2822 filium,
1335 2769 1460 2812 buius
1491 2772 1672 2812 tutorem
1701 2767 1892 2811 instituit
1917 2769 2031 2812 Isdi-

210 2827 382 2883 gerdem
411 2826 573 2880 Regem
600 2826 842 2871 Persarum.
898 2827 1118 2882 Supremis
1146 2826 1302 2870 tabulis
1329 2825 1662 2869 obsecrationem
1690 2825 1892 2878 inseruit,
1936 2840 2029 2869 eum

210 2885 338 2927 enixe
381 2896 566 2938 rogans,
606 2887 654 2924 ut
694 2883 748 2925 ad
786 2883 1012 2939 Imperium
1051 2884 1294 2927 Theodosio
1335 2882 1606 2926 asserendum
1644 2881 1873 2939 potentiam
1913 2897 2030 2926 suam

207 2955 369 2984 omnem
398 2939 793 2996 providentiamque
820 2941 1049 2983 conferret.
1106 2942 1232 2983 Hunc
1260 2940 1305 2983 in
1333 2940 1495 2983 modum
1535 2939 1746 2982 Arcadius
1775 2944 1820 2981 et
1849 2939 2030 2994 publicis

210 3005 256 3042 e‘t
295 2997 536 3040 domesticis
574 2997 702 3039 rebus
740 2997 1011 3053 compositiS‚
1053 3011 1079 3040 e
1107 2999 1199 3040 vita
1230 2997 1446 3053 migravit.
1502 2996 1597 3038 Rex
1625 3001 1763 3039 autem
1802 2995 2028 3039 Persarum

209 3054 453 3110 Isdigerdes
494 3053 780 3108 magnitudine
821 3054 948 3098 animi
975 3054 1059 3096 iam
1088 3063 1188 3097 ante
1216 3053 1496 3104 clarissimus,
1538 3067 1630 3096 cum
1659 3052 1822 3095 oblatas
1852 3053 1931 3095 sibi
1960 3059 2031 3096 ta·-

207 3113 330 3155 bulas
367 3110 567 3167 legisset,
610 3111 785 3154 virtutis
822 3111 1053 3168 exemplum
1093 3111 1229 3154 edidit
1269 3111 1417 3154 mirum
1449 3109 1574 3153 valde
1615 3123 1667 3152 ac
1705 3110 2028 3153 memorandum.

212 3169 416 3213 Mandata
445 3169 555 3210 enim
585 3168 760 3211 Arcadii
788 3167 954 3211 minime
983 3175 1257 3223 aspernatus,
1286 3169 1516 3218 Romanos,
1546 3166 1737 3223 quandiu
1754 3165 1888 3218 vixit,
1921 3181 2030 3223 pace

211 3225 357 3269 beavit
386 3224 613 3277 altissima,
660 3231 705 3267 et
730 3225 947 3281 imperium
977 3225 1223 3268 Theodosio
1249 3223 1545 3274 conservavit,
1587 3222 1791 3278 siquidem
1821 3237 1900 3278 per
1931 3223 2028 3265 lite-

210 3297 284 3326 ras
321 3282 374 3325 ad
416 3282 617 3323 Senatum
657 3283 886 3325 Romanum
927 3282 1136 3338 extemplo
1177 3282 1324 3333 datas,
1365 3278 1603 3323 Theodosii
1629 3278 1810 3334 Augusti
1849 3280 2027 3323 tutelam

211 3339 418 3395 agnovit,
461 3338 695 3396 bellumque
734 3339 817 3382 iam
854 3346 942 3382 tum
969 3338 1222 3391 intentavit,
1258 3338 1296 3380 si
1326 3337 1428 3393 quid
1454 3335 1556 3380 novi
1583 3336 1628 3378 in
1655 3335 1791 3393 ipsum
1820 3336 2028 3394 quispiam

213 3400 460 3441 attentaret.

325 3453 465 3496 Maior
492 3456 712 3504 evaserat,
742 3456 787 3495 et
816 3451 963 3495 adulta
991 3456 1134 3495 aetate
1163 3455 1256 3495 erat
1284 3449 1584 3501 Theodosius,
1611 3447 1857 3504 Isdigerdes
1885 3453 2025 3492 autem

214 3512 358 3555 morbo
388 3509 580 3565 obierat,
607 3509 777 3568 quando
806 3509 1048 3553 Vararanes
1078 3511 1302 3552 Persarum
1330 3508 1422 3550 Rex
1448 3521 1542 3550 cum
1570 3506 1733 3562 ingenti
1763 3508 1952 3550 exercitu
1982 3508 2030 3548 in
