2184 3822
324 198 442 259 154
1059 199 1394 259 PROCOPH

317 482 383 539 α’.
466 448 691 554 Χρόνῳ
716 480 773 533 δὲ
795 478 854 532 οὗ
879 485 1051 555 πολλῷ
1074 479 1286 553 ὕστερον
1309 478 1598 554 ὅΧοσρόης
1616 480 1808 550 μαθὼν
1828 478 1898 543 ὦς
1916 481 2143 534 καὶἸτα-

315 572 430 623 λίαν
467 563 768 635 Βελισᾶριος
796 565 1137 642 Ἰουστινιανῷ
1160 573 1365 636 βασιλεῖ
1395 576 1686 640 προσποιεῖν
1711 566 1902 637 ἤρξατο
1917 607 1934 632 ,
1981 567 2145 619 οὐκέτι

316 655 538 722 κατέχειν
571 649 677 712 οἷός
707 671 760 704 τε
791 645 855 719 ’ἦν
880 653 974 721 τὴν
1001 650 1260 720 διάνοιαν,
1309 654 1440 707 ἀλλὰ
1468 651 1682 722 σκήψεις
1707 653 1918 705 ἐπινοεῖν
1940 650 2142 720 ἤθελεν,

314 738 454 801 ὅπως
480 738 544 806 δὴ
571 734 704 809 λόγῳ
727 738 823 789 τινὶ
844 738 1080 807 εὐπρεπεῖ
1099 740 1192 800 τὰς
1214 739 1437 801 σπονδὰς
1461 736 1670 792 λύσειεν.
1730 735 1859 808 ὖπὲρ
1886 730 1956 791 ὧν
1979 758 2146 790 κοινο-

167 831 202 872 Ρ
232 830 287 874 88
316 819 661 894 λογησάμενος
689 821 1088 897 Ἀλαμουνδάρῳ
1127 824 1343 877 ἐκέλευεν
1385 823 1543 878 αὐτὸν
1568 825 1967 893 ξυμπορίζεσθαι
1995 821 2184 878 noste-5

315 931 417 978 μου
451 908 632 970 αἰτίας.
724 904 750 960 ὃ
793 909 847 960 δὲ
872 909 1064 984 Ἀρέθα
1099 910 1395 972 ἐπικαλέσας
1436 907 1514 963 ὅτι
1555 907 1711 961 αὐτὸν
1739 909 1850 978 περὶ
1876 913 1968 976 γῆς
1995 905 2146 975 ὁρίων

319 993 573 1064 βιάζοιτο,
620 994 671 1055 ἐς
706 992 882 1065 χεῖράς
914 1016 969 1048 τε
1010 995 1148 1068 αὐτῷ
1188 991 1478 1056 ἓκσπόνδως
1516 988 1650 1063 ἦλθε
1685 995 1768 1046 καὶ
1793 997 1886 1062 γῆν
1911 993 2005 1059 τὴν
2022 990 2148 1045 Ῥω-

321 1082 486 1148 μαίων
515 1081 595 1132 ἐπὶ
617 1076 780 1150 ταύτῃ
803 1085 867 1151 τῇ
892 1077 1077 1148 σκήψει
1097 1086 1345 1134 καταθεῖν
1370 1079 1579 1151 ἤρξατο.
1669 1077 1863 1150 ἔφασκέ
1880 1099 1933 1131 τε
1959 1075 2028 1139 ὥς
2051 1076 2147 1130 αὗ-

322 1167 412 1228 τός
438 1165 498 1219 οὗ
523 1161 626 1217 λύει
653 1164 746 1226 τὰς
770 1169 990 1236 Περσῶν
1018 1188 1073 1219 τε
1100 1169 1184 1219 καὶ
1201 1164 1463 1234 Ῥωμαίων
1485 1163 1713 1226 σπονδὰς
1725 1205 1742 1230 ,
1789 1165 1892 1217 ε’πεὶ
1917 1162 2073 1217 αὐτὸν
2097 1164 2150 1224 ἔς
2174 1174 2177 1177 ’

322 1249 517 1312 ταύτας
551 1250 803 1320 οὐδέτεροι
837 1249 1204 1321 ε’σεγράψαντο.
1292 1254 1375 1304 καὶ
1416 1246 1474 1319 ἦν
1509 1252 1564 1304 δὲ
1601 1249 1780 1311 οὕτως.
1871 1248 1930 1302 οὗ
1951 1246 2050 1319 γάρ
2070 1252 2184 1310 τις1

323 1335 526 1390 πώποτε
555 1341 871 1405 Σαρακηνῶν
897 1335 1045 1406 λόγος
1069 1339 1120 1390 ἓν
1146 1339 1394 1399 σπονδαῖς
1416 1337 1611 1407 γέγονεν
1621 1377 1639 1402 ,
1683 1334 1771 1389 ἅτε
1809 1335 2149 1403 ξυνεχομένων

322 1428 396 1495 τῷ
431 1426 652 1491 Περσῶν
693 1442 747 1473 τε
783 1424 867 1474 καὶ
896 1419 1156 1490 Ῥωμαίων
1194 1419 1422 1489 ὀνόματι.
1511 1420 1643 1490 αὕτη
1673 1422 1728 1474 δὲ
1752 1418 1784 1489 ἦ
1803 1418 1979 1491 χώρα,
2022 1418 2055 1488 ’ἢ
2085 1419 2149 1487 δὴ

323 1507 452 1578 πρὸς
487 1505 736 1576 ἑκατέρων
772 1505 887 1559 τότε
908 1512 1223 1578 Σαρακηνῶν
1259 1506 1541 1577 ἆντελέγετο
1555 1548 1572 1573 ,
1619 1503 1828 1574 Στράτα
1853 1506 1946 1574 μὲν
1971 1506 2151 1573 κέκλη-

320 1615 433 1658 ται,
480 1588 773 1658 Παλμύρας
810 1593 866 1644 δὲ
903 1590 1097 1655 πόλεως
1131 1593 1259 1664 πρὸς
1293 1590 1445 1648 νότον
1474 1593 1659 1661 ἄνεμον
1684 1593 1988 1661 τέτραπται,
2036 1591 2150 1644 δέν-

256 1685 295 1728 Β
324 1681 447 1748 δρον
467 1678 560 1744 μὲν
581 1676 616 1746 ἤ
643 1698 691 1730 τι
717 1683 819 1730 τῶν
847 1679 900 1730 ἒν
923 1687 1029 1741 τοῖς
1050 1681 1210 1748 ληίοις
1234 1678 1450 1748 ἀγαθῶν
1477 1678 1678 1746 οὐδαμῆ
1705 1679 1934 1749 φέρουσα
1978 1673 2184 1749 (wileo-l

323 1784 545 1825 καυστος
581 1762 679 1833 γὰρ
720 1760 992 1835 ὑπερφυῶς
1029 1764 1198 1836 ἔστι),
1258 1763 1532 1836 προβάτων
1572 1765 1632 1818 δέ
1662 1784 1791 1817 τισιν
1840 1764 1894 1815 ἐκ
1928 1766 2151 1815 παλαιοῦ

324 1849 553 1918 ἀνειμένη
578 1857 772 1916 νομαῖς.
856 1849 1076 1919 Ἀρέθας
1100 1852 1191 1918 μὲν
1217 1844 1308 1903 οὗν
1327 1847 1589 1919 Ῥωμαίων
1618 1851 1892 1920 ἰσχυρίζετο
1915 1847 2037 1902 εἶναι
2059 1847 2149 1901 τὸν

315 1941 513 2004 χῶρον,
558 1939 632 2007 τῷ
658 1955 710 1986 τε
738 1932 948 2002 ὀνόματι
974 1932 1423 2006 τεκμηριούμενος,
1465 1929 1525 1990 οὗ
1548 1935 1612 2006 δὴ
1636 1935 1764 2005 πρὸς
1786 1931 1989 1988 πάντων
2014 1932 2149 1987 ἅνω-

322 2026 419 2073 &ev
465 2019 606 2087 ἔτυχε
651 2018 895 2089 (Στράτα
926 2021 1022 2091 γὰρ
1046 2019 1078 2089 ἡ
1104 2022 1392 2092 ἐστρωμένη
1422 2019 1541 2084 ὁδὸς
1567 2027 1631 2093 τῇ
1652 2022 1901 2076 Λατίνων
1926 2023 2149 2072 καλεῖται

324 2103 502 2177 φωνῇ)
547 2107 630 2158 καὶ
665 2107 970 2178 μαρτυρίαις
1011 2105 1370 2162 παλαιοτάτων
1409 2107 1610 2178 ἀνδρῶν
1639 2104 1916 2179 χρώμενος.
1996 2104 2184 2159 {Ana-2

435 2268 478 2314 4.
508 2264 756 2324 εὐπρεπεῖ]
784 2267 995 2328 εὐπρεπεῖ
1020 2272 1079 2315 H.
1221 2274 1263 2317 7.
1296 2269 1560 2323 ἔκσπόνδως
1587 2271 1623 2314 Ρ
1651 2275 1697 2314 et
1725 2270 1805 2313 HL
1832 2268 1877 2313 in
1907 2284 2040 2326 marg.
2100 2266 2151 2314 ἐν

436 2328 660 2377 σπονδαῖς
686 2328 819 2370 AHL.
937 2332 1006 2374 12.
1035 2330 1102 2388 τῷ
1130 2354 1187 2362 -
1214 2327 1412 2384 ὀνόματι
1440 2334 1476 2374 A
1506 2328 1620 2386 quod
1650 2342 1703 2372 ex
1730 2329 1839 2383 Reg.
1870 2328 2000 2370 ass'ert
2029 2327 2148 2370 Malt.

437 2386 529 2427 τῶν
557 2407 615 2416 -·
645 2382 869 2440 ὀνόμασιν
913 2387 967 2430 Ρ.
1034 2389 1128 2431 τῶν
1155 2412 1214 2419 --·
1243 2383 1452 2442 ὀνόματα
1489 2389 1547 2431 Η.
1724 2387 1791 2431 15.
1821 2383 2146 2440 ἡλιόκαυστος]

436 2439 712 2499 ἡλιόκαυτος
739 2444 796 2486 Η.
914 2447 984 2489 19.
1013 2443 1170 2503 ἔτυχε]
1202 2443 1300 2502 ἔσχε
1329 2446 1388 2488 L:
1418 2444 1524 2489 illud
1550 2445 1642 2489 Lm.
1671 2442 1804 2501 „Zoxs
1823 2443 1968 2499 Reg.“
1997 2443 2148 2488 Mam.

325 2586 364 2628 1.
419 2543 593 2628 Haud
635 2583 762 2626 multo
801 2590 902 2639 post
941 2585 1101 2629 certior
1141 2587 1282 2630 sactus
1323 2586 1537 2630 chosroes
1574 2583 1741 2627 Italiam
1779 2598 2004 2641 quoquea
2031 2582 2149 2627 Beli-

323 2642 437 2686 sario
467 2643 511 2683 in
541 2641 763 2682 Iustiniani
793 2648 902 2698 Aug.
933 2644 1133 2687 ditionem
1163 2645 1357 2701 coepisse
1386 2642 1539 2699 redigi,
1574 2656 1659 2685 nou
1688 2642 1827 2698 potuit
1855 2642 1973 2685 ultra
1999 2647 2148 2684 tenere

323 2700 523 2742 animum=
554 2698 630 2738 sed
659 2698 840 2742 studium
862 2702 1046 2743 contulit
1074 2702 1127 2744 ad
1159 2702 1465 2758 excogitandos
1496 2703 1771 2756 praetextus,
1811 2706 1858 2742 ut
1887 2713 2034 2756 pacem
2063 2698 2149 2741 sol-

321 2763 446 2799 veret
483 2754 625 2810 aliquo
657 2756 835 2799 honesto
875 2759 1055 2801 nomine.
1128 2759 1229 2811 Qua
1267 2760 1320 2802 de
1361 2773 1411 2802 re
1451 2772 1546 2801 cum
1587 2757 1868 2800 Alamundaro
1899 2757 2146 2808 collocutus,

320 2816 437 2857 illum
467 2812 521 2855 ad
552 2813 821 2867 praebendas
866 2815 964 2856 belli
998 2830 1151 2858 causas
1179 2815 1359 2860 induxit.
1418 2815 1462 2858 Is
1490 2828 1594 2859 vero
1625 2813 1740 2857 litem
1770 2828 1920 2866 orsus,
1967 2820 2013 2857 et
2041 2822 2149 2868 que-

319 2878 412 2914 stus
443 2870 555 2928 quod
586 2870 639 2910 ab
668 2871 830 2912 Aretha
858 2871 946 2912 suis
975 2873 1128 2915 finibus
1158 2875 1471 2924 excluderetur,
1500 2886 1593 2916 cum
1612 2871 1707 2928 ipso
1733 2885 1895 2914 manum
1919 2870 2146 2922 conseruit,

318 2935 448 2984 rupto
478 2926 679 2978 foedere,
710 2941 846 2984 eoque
876 2930 1052 2971 obtentu
1083 2931 1316 2973 Romanum
1345 2944 1492 2986 agrum
1521 2929 1741 2972 incursare
1769 2929 1933 2983 coepit3
1983 2939 2147 2983 negans

319 2999 502 3042 peccare
544 2998 594 3025 sc
623 2993 770 3027 contra
817 3000 963 3042 pacem
996 2987 1149 3029 Persas
1188 2988 1303 3030 inter
1340 2996 1385 3030 et
1413 2987 1624 3029 Romanos
1663 2986 1956 3042 compositam,
2015 2985 2082 3027 cui
2121 2999 2147 3028 a

319 3042 484 3085 neutris
515 3041 729 3096 ascriptus
758 3043 1000 3085 nominatim
1029 3045 1199 3087 fuisset.
1234 3046 1303 3087 lta
1331 3059 1433 3087 sane
1462 3044 1670 3086 habebat:
1700 3044 1746 3085 in
1778 3042 1962 3085 foederis
1986 3042 2146 3084 iustru-

320 3107 460 3142 mento
484 3098 599 3140 nulla
629 3112 820 3152 umquam
851 3101 968 3143 facta
997 3102 1153 3145 mentio
1179 3103 1512 3145 Saracenorum:
1543 3106 1591 3143 ut
1649 3099 1692 3141 ui
1721 3100 1947 3153 Persarum
1978 3113 2028 3141 ac
2058 3099 2148 3141 Ro-

323 3170 538 3199 manorum
567 3156 804 3198 nominibus
833 3157 1115 3200 includantur.
1176 3159 1314 3201 Porro
1343 3159 1419 3202 illa
1447 3158 1581 3213 regio,
1653 3171 1677 3198 e
1705 3171 1789 3213 qua
1818 3164 1920 3199 tunc
1951 3156 2001 3198 lis
2034 3155 2146 3198 inter
2182 3175 2184 3177 ¹

323 3223 547 3269 utramque
576 3219 744 3266 gentem
774 3213 1070 3256 Saracenicam
1109 3215 1207 3267 fuit,
1237 3216 1387 3258 Strata
1417 3215 1600 3265 dicitur,
1654 3218 1699 3256 et
1727 3215 1781 3256 ab
1811 3214 1918 3256 urbe
1947 3213 2145 3268 Palmyra

323 3271 379 3314 ad
421 3275 607 3313 austrum
646 3270 816 3325 vergit,
861 3272 1087 3313 arboribus
1116 3273 1229 3314 nuda
1259 3273 1384 3329 plane
1413 3286 1464 3314 ac
1490 3271 1684 3326 frugibus
1712 3285 1817 3328 prae
1850 3277 1972 3314 aestu
2001 3269 2143 3321 nimio,
2177 3307 2180 3310 Δ

324 3343 408 3384 quo
437 3332 640 3377 torretur,
682 3335 727 3369 et
755 3327 1000 3384 iampridem
1029 3329 1256 3383 pascendis
1285 3329 1435 3372 ovibus
1464 3328 1691 3371 destinata.
1751 3328 1875 3371 Hanc
1905 3328 1960 3370 ad
1988 3327 2146 3371 Roma-

326 3399 405 3428 nos
435 3384 650 3440 pertinere
679 3386 861 3427 Arethas
891 3392 935 3427 et
963 3385 1208 3428 coniectura
1237 3386 1428 3438 nominis,
1461 3386 1575 3442 quod
1605 3386 1659 3427 ab
1689 3384 1918 3441 antiquiori
1948 3383 2144 3427 memoria

329 3442 440 3498 apud
471 3454 612 3484 omnes
642 3441 829 3484 obtinuit
867 3442 1006 3496 (viam
1036 3443 1145 3485 cuim
1177 3443 1388 3499 lapidibus
1430 3442 1629 3485 munitam
1666 3442 1808 3484 Latini
1839 3443 2036 3485 Stratum
2068 3454 2145 3497 ap-

330 3499 517 3556 pellant)
549 3504 593 3541 et
631 3500 1007 3543 vetustissimorum
1051 3500 1233 3543 virorum
1262 3500 1512 3543 testimoniis
1550 3499 1803 3542 affirmabat.
1861 3500 1931 3543 Ex
1961 3499 2143 3542 adverso
