2254 3814
1219 58 1231 77 X

361 159 485 216 500
595 242 597 246 .
1107 157 1439 212 PROCOPII

359 324 500 369 μενοι
537 299 805 369 ἔθνησκον.
886 294 1092 366 Ἰάβὸας
1129 299 1186 351 δὲ
1223 297 1378 360 αὐτὸς
1416 296 1632 370 ἀκοντίῳ
1663 298 1864 367 πληγεὶς
1897 295 1986 349 τὸν
2012 296 2175 364 μηρὸν

358 387 497 456 ὅμως
531 384 733 456 διέφυγέ
766 405 820 437 τε
859 386 941 436 καὶ
977 385 1026 445 ἐς
1059 383 1430 454 ΖΠαυριτανούς
1464 380 1773 452 ἀπεχώρησε.
1858 379 2095 447 Ῥωμαῖοι
2122 382 2177 433 δὲ

358 468 729 541 διαρπάσαντες
759 469 818 522 τὸ
853 474 956 522 τῶν
986 471 1238 535 πολεμίων
1269 466 1615 539 στρατόπεδον
1632 466 1806 543 ,οὐκέτι
1825 466 1884 520 τὸ
1906 462 2176 535 Αὗρᾶσιον

359 557 595 608 ἐκλείπειν
625 553 874 621 ἔγνωσαν,
921 553 1052 606 ἀλλὰ
1088 551 1394 621 Σολόμωνος
1431 553 1659 606 ἐνταῦθα
1696 549 1920 623 φρούρια
1946 553 2175 619 δομησα-
2214 619 2220 628 ι

356 641 509 708 με’νου
545 637 926 711 φυλάσσουσιν,
974 637 1110 701 ὅπως
1135 639 1209 708 μὴ
1234 633 1388 701 αὖθις
1414 644 1566 692 τοῦτο
1592 637 1655 707 δὴ
1691 638 1749 691 τὸ
1777 635 1896 708 ὅρος
1918 639 2174 706 Μαυρου-
2192 647 2218 691 5

355 727 484 787 σίοις
509 724 727 791 ἓσβατὸν
754 723 909 778 ἔσται.

515 809 660 862 ’Ἐστι
687 809 746 861 δέ
767 830 842 871 τις
869 810 922 862 ἐν
942 807 1194 881 Αὖρασίῳ
1217 807 1376 878 πέτρα
1403 804 1665 875 ἀπότομος
1690 810 1926 877 κρημνῶν
1951 805 2001 866 ἐς
2024 803 2180 883 με’σον
2226 874 2231 883 .

355 893 639 964 ἀνέχουσα·
682 893 871 964 πέτραν
913 894 1070 961 αὐτὴν
1103 898 1154 947 Γ
1151 899 1406 961 εμινιανοῦ
1442 898 1682 946 καλοῦσιν
1718 892 1766 945 οἱ
1791 888 2072 959 ἐπιχώριοι·
2119 882 2181 942 οὗ

292 996 330 1038 C
359 980 424 1049 δὴ
453 977 644 1051 πύργον
671 979 718 1032 οἷ
742 977 899 1032 πάλαι
925 978 1191 1050 ἅνθρωποι
1218 979 1415 1050 βραχὺν
1438 981 1620 1047 κομιδῆ
1655 973 1983 1045 ποιησάμενοι
2019 996 2181 1028 κατα-
2236 979 2241 988 “

355 1063 520 1136 φυγήν
546 1087 598 1118 τε
627 1063 840 1135 ἰσχυράν
865 1087 976 1118 τινα
999 1067 1082 1117 καὶ
1109 1061 1369 1133 ἀμήχανον
1392 1070 1484 1132 τῆς
1507 1069 1597 1116 τοῦ
1611 1064 1802 1131 χωρίου
1820 1059 2019 1132 φύσεως
2034 1061 2178 1130 σφίσι
2196 1078 2218 1120 1

354 1149 811 1219 ξυλλαμβανούσης
845 1151 1123 1218 ἐδείμαντο.
1212 1151 1442 1202 ἐνταῦθα
1478 1146 1742 1216 ἐτύγχανεν
1776 1143 1983 1213 Ἰάβδας
2023 1143 2088 1223 τά
2125 1166 2180 1198 τε

349 1233 594 1305 χρήματα
629 1237 711 1287 καὶ
750 1234 842 1294 τὰς
881 1241 1122 1302 γυναῖκας
1148 1229 1358 1302 ἡμέραις
1382 1229 1628 1302 πρότερον
1653 1231 1841 1300 ὀλίγαις
1865 1230 2181 1296 ἔναποθὲμε-
2232 1263 2235 1265 >

353 1341 471 1384 νος,
520 1319 607 1370 ἕνα
643 1339 695 1370 τε
724 1318 936 1389 γέροντα
966 1315 1307 1387 Μαυρούσιον
1335 1314 1538 1387 φύλακα
1568 1321 1672 1370 τῶν
1703 1312 1983 1385 χρημάτων
2019 1336 2180 1367 κατα-

352 1401 687 1473 στησάμενος.
775 1402 833 1456 οὗ
859 1402 955 1472 γὰρ
982 1402 1044 1455 ἄν
1071 1423 1191 1456 ποτε
1214 1399 1528 1456 ὖπετόπασεν
1552 1400 1666 1455 οὔτε
1692 1400 1812 1462 τοὺς
1837 1401 2106 1466 πολεμίους
2130 1400 2181 1462 ἔς
2236 1395 2242 1398 ’

352 1486 500 1542 τόνδε
528 1488 618 1542 τὸν
637 1493 808 1559 χῶρον
833 1488 1110 1557 ἀφίξεσθαι
1134 1487 1250 1541 οὔτ’
1281 1486 1344 1541 ἂν
1372 1489 1462 1562 βία
1485 1489 1535 1549 ἒς
1559 1486 1646 1540 τὸν
1674 1483 1876 1538 ἅπαντα
1905 1487 2065 1538 αι’(ῦνα
2091 1485 2178 1538 τὸν
2195 1492 2233 1540 1'

353 1570 545 1645 πύργον
573 1571 715 1626 ἑλεῖν.
806 1573 936 1626 ἀλλὰ
959 1570 1197 1638 Ῥωμαῖοι
1225 1570 1337 1627 τότε
1363 1578 1453 1626 τοῦ
1478 1571 1752 1642 Αὖρασίου
1778 1570 1870 1632 τὰς
1894 1572 2182 1639 δυσχωρίας

353 1655 732 1729 διερευνώμενοι
770 1658 1002 1711 ἐνταῦθα
1038 1651 1187 1727 ἧκον,
1234 1661 1316 1711 καὶ
1353 1657 1523 1711 αὐτῶν
1562 1678 1640 1719 τις
1676 1655 1964 1722 ἀναβαίνειν
1992 1658 2062 1714 εἷς
2092 1655 2180 1708 τὸν
2236 1649 2241 1657 μ’

353 1741 545 1815 πύργον
571 1744 660 1807 ξὺν
684 1743 859 1813 γέλωτι
881 1745 1210 1814 ἐνεχείρησεν·
1258 1744 1311 1796 αἱ
1335 1745 1390 1797 δὲ
1411 1751 1638 1814 γυναῖκες
1662 1739 1922 1806 ἐτώθαζον
1932 1781 1949 1807 ,
1997 1739 2084 1793 ἅτε
2115 1740 2180 1809 δὴ

354 1826 630 1898 ἀμηχάνων
670 1827 930 1900 ἔφιεμένου
971 1835 1333 1899 καταγελῶσαι.
1422 1834 1576 1882 τοῦτο
1617 1828 1672 1880 δὲ
1708 1829 1791 1879 καὶ
1828 1824 1854 1878 ὃ
1892 1823 2182 1894 πρεσβύτης

288 1926 328 1968 D
358 1914 458 1968 ἀπὸ
484 1919 576 1966 τοῦ
601 1911 795 1983 πύργου
822 1912 1082 1982 διακύψας
1107 1915 1283 1968 ἐποίει·
1322 1912 1348 1967 ὅ
1373 1914 1428 1966 δὲ
1443 1911 1688 1979 Ῥωμαῖος
1710 1908 2024 1981 στρατιώτης
2049 1912 2179 1963 ε’πει-
2237 1903 2240 1909 ’

356 1998 418 2067 δὴ
457 1999 605 2069 χερσί
639 2019 693 2051 τε
733 2000 818 2051 καὶ
844 2001 993 2052 ποσὶν
1016 1998 1307 2067 ἀναβαίνων
1333 1996 1476 2069 ἐγγύς
1508 2019 1606 2051 που
1631 1994 1866 2067 ἐγεγόνει,
1911 1993 2179 2063 σπασάμε-
2221 2036 2233 2049 ,

353 2105 441 2146 νος
466 2081 631 2152 ἡσυχῆ
654 2083 711 2136 τὸ
737 2085 883 2153 ξίφος
910 2081 1111 2152 ἓξήλετό
1135 2106 1189 2139 τε
1219 2082 1286 2146 ὥς
1308 2082 1404 2153 εἶχε
1429 2081 1616 2152 τάχους
1635 2085 1719 2136 καὶ
1740 2087 1833 2135 τοῦ
1856 2081 2088 2150 γέροντος
2111 2084 2179 2144 εἷς
2238 2080 2243 2087 ’

2154 2164 2180 2185 (Ἶ

352 2168 442 2223 τὸν
467 2168 654 2237 αὐχένα
677 2168 923 2237 ἐπιτυχών
949 2171 1111 2236 παίει,
1158 2178 1324 2238 τεμεῖν
1350 2191 1403 2223 τε
1432 2168 1586 2223 αὐτὸν
1616 2167 1843 2235 διαμπὰξ
1865 2166 2080 2235 ἴσχυσεν.
2147 2189 2178 2233 η

2237 1221 2244 1242 l

467 2305 510 2348 1.
539 2299 602 2347 ’102
634 2302 744 2359 δας]
773 2301 943 2354 causac
972 2303 1046 2346 Av
1076 2302 1147 2347 hic
1175 2309 1222 2347 et
1247 2303 1376 2348 infra.
1491 2302 1562 2349 14.
1596 2299 1702 2350 οὔτε
1730 2327 1784 2335 -
1816 2298 1954 2359 οὔτ’]
1984 2299 2094 2348 οὐδὲ
2124 2325 2179 2334 -
2235 2274 2243 2290 ⁴

466 2357 575 2406 οὐδ’
646 2391 658 2404 .
773 2362 843 2406 22.
874 2357 1080 2418 ἐξήλετο]
1110 2359 1299 2417 ἐξείλετο
1331 2362 1386 2404 V.

354 2488 503 2543 lebris,
533 2488 818 2547 oppetierunt.
876 2484 1050 2542 Iabdas‚
1091 2488 1286 2548 quamvis
1315 2491 1480 2548 spiculo
1510 2488 1725 2534 sauciatus
1752 2490 1794 2533 in
1824 2490 1999 2543 femore,
2027 2489 2179 2542 evasit,

353 2563 407 2590 ac
434 2561 482 2590 se
510 2547 679 2603 recepit
706 2546 749 2589 in
779 2547 1095 2591 Mauritaniam.
1153 2549 1358 2601 Romani,
1389 2549 1569 2606 direptis
1598 2549 1780 2591 hostium
1809 2547 1984 2596 castris,
2019 2548 2180 2590 consti-
2218 2551 2243 2567 ''

353 2610 530 2647 tuerunt
567 2618 780 2658 nunquam
811 2619 837 2647 e
881 2611 1019 2648 monte
1049 2606 1228 2650 Aurasio
1261 2621 1458 2649 amovere
1489 2605 1728 2662 praesidia:
1776 2607 2046 2661 quamobrem
2076 2620 2180 2647 con·
2227 2629 2235 2657 ¹,

352 2660 451 2760 ‘iliud
473 2660 560 2702 illic
589 2674 616 2703 a
642 2661 871 2705 Salomone
900 2663 1079 2707 castella.
1106 2669 1270 2716 tenent,
1304 2669 1352 2705 ut
1379 2663 1546 2706 Mauris
1568 2662 1752 2706 reditum
1774 2661 1827 2706 ad
1852 2670 2033 2705 montem
2052 2676 2182 2719 prae·
2233 2680 2241 2720 .'

352 2732 377 2760 c
396 2732 420 2760 u
454 2723 544 2760 ant.
2227 2731 2237 2738 ·’

466 2774 684 2826 Quaedam
727 2779 794 2818 est
831 2776 875 2818 in
905 2777 1084 2821 Aurasio
1114 2777 1297 2834 abrupta
1335 2789 1490 2833 rupes,
1535 2775 1648 2820 inter
1689 2774 1945 2833 praecipitia
1983 2788 2178 2831 surgens,

353 2844 479 2887 quam
508 2831 737 2887 indigenae
765 2833 1010 2876 Geminiani
1051 2849 1198 2891 rupem
1228 2834 1459 2891 appeliant.
1503 2834 1630 2885 >Huic
1657 2836 1807 2876 turrim
1847 2839 2014 2875 veteres
2044 2833 2179 2888 impo-

351 2893 556 2941 suerant,
604 2889 826 2932 admodum
869 2890 1039 2947 quidem
1070 2906 1270 2948 parvam,
1315 2891 1391 2934 sed
1429 2904 1539 2947 quae
1575 2890 1761 2933 validum
1808 2897 1852 2932 et
1890 2889 2178 2945 insuperabile
2228 2896 2239 2949 '4

352 2945 597 3000 perfugium
627 2945 867 2999 offerebat,
912 2948 1144 2991 adiuvante
1172 2958 1324 2990 natura
1351 2947 1450 2991 loci.
1506 2948 1572 2990 lbi
1602 2947 1756 2990 labdas
1783 2947 1929 3004 paucis
1958 2953 2057 2988 ante
2085 2945 2179 2988 die-

352 3002 433 3045 bus
463 3008 715 3058 reposuerat
743 3018 837 3046 cum
867 3005 1073 3047 uxoribus
1102 3019 1266 3061 gazam,
1310 3012 1439 3060 atque
1468 3005 1576 3046 hanc
1607 3005 1758 3046 Mauro
1790 3003 1952 3045 cuidam
1983 3002 2074 3045 seni
2103 3017 2180 3045 cu-

352 3058 618 3102 stodiendam
649 3059 905 3102 crediderat.
964 3062 1190 3118 Nunquam
1220 3062 1329 3105 enim
1370 3063 1464 3104 fore
1494 3062 1746 3118 putaverat,
1794 3065 1843 3102 ut
1871 3061 2014 3102 hostes
2043 3061 2177 3102 locum

353 3116 470 3158 illum
500 3115 809 3171 contingerent,
845 3117 996 3160 nedum
1027 3119 1072 3161 vi
1099 3119 1249 3161 turrim
1278 3124 1496 3175 caperent.
1554 3122 1610 3160 At
1638 3121 1876 3159 scrutantes
1905 3123 1991 3159 tum
2022 3117 2178 3158 Roma-

353 3172 397 3214 ni
427 3186 621 3216 recessus
650 3187 794 3216 omnes
823 3175 1054 3229 quamlibet
1083 3190 1286 3231 asperos,
1338 3175 1410 3218 illo
1442 3182 1731 3231 penetrarunt.
1809 3174 1997 3229 Cumque
2026 3187 2176 3215 ascen·
2231 3182 2238 3198 ··

352 3244 442 3272 sum
470 3236 638 3273 tentare
665 3230 834 3285 quidam
862 3230 1119 3274 ludibundus
1147 3233 1388 3288 coepisset,
1427 3245 1519 3274 eum
1557 3231 1738 3274 feminae
1765 3230 2038 3282 deridentes,
2079 3239 2178 3272 tan-
2229 3263 2240 3287 ᾗ

351 3301 475 3343 quam
505 3286 770 3330 temerarium
801 3302 853 3329 ac
879 3287 1040 3330 maiora
1071 3289 1232 3330 viribus
1263 3290 1512 3338 audentem,
1550 3287 1738 3330 dicteriis
1768 3289 2059 3338 lacessebant3
2099 3301 2177 3328 ne-

352 3358 436 3398 que
464 3343 590 3386 aliter
617 3358 664 3386 se
697 3344 900 3399 gerebat,
948 3344 1202 3401 despectans
1230 3361 1255 3387 e
1283 3345 1390 3387 turri
1424 3345 1579 3387 senior.
1637 3346 1761 3389 Miles
1791 3351 1931 3388 autem
1963 3345 2176 3387 Romanus
2230 3345 2238 3352 “

350 3400 450 3452 ille,
480 3401 554 3443 ubi
582 3401 770 3444 manibus
797 3400 1062 3458 pedibusque
1089 3402 1275 3453 enitens,
1306 3402 1480 3459 propius
1510 3402 1712 3455 accessit,
1756 3403 1911 3446 educto
1943 3401 2173 3443 clanculum
2226 3427 2232 3439 «.

350 3457 512 3512 gladio,
540 3458 652 3502 saltu
682 3473 808 3517 quam
836 3458 1048 3504 levissimo
1079 3459 1223 3518 potuit
1251 3459 1450 3515 emicans,
1485 3468 1603 3504 certo
1632 3460 1722 3504 ictu
1752 3459 1842 3503 seni
1872 3459 2020 3502 collum
2050 3457 2172 3515 peni-
2222 3464 2230 3520 f
