2254 3814
303 146 424 204 284
1044 147 1378 201 PROCOPII

302 291 426 345 ἄλλο
451 290 651 362 ἀγαθὸν
676 286 870 360 φύεται.
917 281 987 341 ’ἐκ
1013 288 1068 341 δὲ
1090 286 1353 357 Ῥωμαίων
1375 294 1479 343 τῶν
1506 288 1771 360 παραλίων
1793 286 1992 344 ἅπαντα
2016 298 2128 353 ταῖς

300 379 479 431 ναυσὶν
519 375 850 443 ἐπεισέρχεται
888 374 1062 444 σφίσι,
1099 377 1182 426 καὶ
1221 380 1384 428 ταῦτα
1422 374 1483 428 οὐ
1514 376 1724 445 χρυσίον
1760 383 1869 436 τοῖς
1895 373 2129 443 συμβάλ-

300 468 445 516 λουσι
473 460 782 530 προϊεμένοις
795 500 812 525 ,
857 457 988 511 ἀλλὰ
1011 459 1201 530 δέρρεις
1222 481 1276 512 τε
1305 462 1390 514 καὶ
1417 457 1720 531 ἀνδράποδα
1749 462 1833 512 καὶ
1857 459 1909 513 εἷ’
1922 481 1971 512 τι
2003 460 2126 514 ἄλλο

236 563 275 605 c
304 549 534 600 ἐνταῦθα
563 544 694 597 κατὰ
720 543 850 597 πολὺ
885 553 1124 615 περιεῖναι
1154 547 1431 612 ξυμβαίνει.
1519 543 1705 599 τούτου
1741 566 1826 610 τε,
1872 542 1941 606 ὥς
1970 544 2027 598 τὸ
2059 547 2130 597 εἶ-

295 633 410 696 κὸς,
460 629 896 697 ἀποκεκλεισμένοι
937 629 996 683 τὸ
1034 630 1209 682 λοιπὸν
1254 629 1525 699 ἤσχαλλον.
1617 623 1688 684 ὧν
1729 630 1792 697 δὴ
1832 627 2170 700 ὃΧοσρόης5
2220 646 2223 649 “

298 711 610 782 αἰσθόμενος
632 720 943 786 προτερῆσαι
968 714 1057 778 ξὺν
1081 720 1154 789 τῷ
1178 715 1426 786 ἀσφαλεῖ,
1474 717 1592 788 πρίν
1620 737 1668 769 τι
1694 716 1745 777 ἒς
1767 715 1923 768 αὐτὸν
1951 737 2131 768 νεωτε-

297 804 487 872 ρίσειαν
501 842 517 866 ,
577 802 629 854 ἓν
669 803 870 871 σπουδῇ
913 798 1024 869 εἶχε.
1113 803 1204 854 καί
1245 802 1294 855 οἷ
1329 802 1681 874 βουλευομένῳ
1725 798 2130 871 ξυμφορώτατον

294 886 468 949 ἔδοξεν
502 884 626 939 εἶναι
666 891 715 940 Γ
713 884 937 955 ουβάζην
974 885 1063 939 τὸν
1090 889 1288 952 Λαζῶν
1319 888 1534 955 βασιλέα
1564 886 1792 940 ἐκποδών
1817 885 1894 938 ὅτι
1917 883 2131 953 τάχιστα

295 970 622 1044 ποιησαμένῳ
649 971 865 1036 Λαζοὺς
890 971 1093 1025 ἐνθένδε
1118 974 1369 1040 πανδημεὶ
1393 970 1713 1040 ἀναστήσειν,
1749 968 1885 1024 οὕτω
1907 991 1962 1024 τε
1987 969 2131 1041 Πέρ-

294 1079 392 1120 σας
413 1059 496 1111 καὶ
521 1056 653 1110 ἄλλα
682 1056 813 1110 ἄττα
837 1057 964 1126 ἔθνη
989 1061 1247 1120 ξυνοικιεῖν
1269 1059 1321 1111 ἓν
1347 1055 1511 1129 ταύτῃ
1532 1063 1595 1129 τῇ
1614 1055 1779 1132 χώρᾳ.
2146 1071 2200 1114 10
2223 1071 2226 1073 ’

467 1147 652 1196 Ταῦτα
686 1139 934 1213 Χοσρόης
966 1143 1366 1210 βεβουλευμένος
1386 1141 1727 1213 Ἰσδιγούναν,
1777 1139 1846 1203 ὥς
1871 1141 1951 1194 ἐπὶ
1974 1161 2131 1211 πρεσ-

290 1230 406 1303 βείᾳ
435 1231 600 1295 δῆθεν
627 1234 699 1300 τῷ
723 1225 857 1300 λόγῳ
870 1268 886 1293 ,
934 1230 986 1289 ἐς
1009 1226 1291 1292 Βυζάντιον
1321 1228 1540 1293 στέλλει,
1588 1229 1678 1280 καί
1697 1227 1746 1280 οἳ
1774 1231 1995 1296 Περσῶν
2015 1225 2131 1294 ἀρι-

293 1312 500 1380 στίνδην
524 1310 895 1381 ἀπολεξάμενος
918 1315 1281 1376 πεντακοσίους
1302 1313 1640 1382 ξυνέπεμψεν,
1681 1313 1960 1373 ἐπιστείλας
1986 1312 2132 1382 σφίσι

225 1416 265 1459 n
292 1400 530 1469 γενέσθαι
563 1399 656 1466 μέν
684 1400 735 1451 ἓν
771 1395 910 1451 πόλει
931 1395 1143 1467 Δάρας,
1193 1399 1246 1452 ἐν
1278 1400 1459 1461 οἰκίαις
1491 1399 1547 1451 δὲ
1580 1402 1864 1451 καταλῦσαι
1896 1400 2128 1460 πολλαῖς,
2253 1467 2254 1476 ¹

294 1483 488 1545 ταύτας
509 1505 560 1536 τε
589 1480 787 1552 νύκτωρ
815 1481 1021 1546 ἁπάσας
1042 1485 1330 1553 ἐμπρῆσαι,
1378 1485 1464 1538 καὶ
1484 1481 1745 1552 Ῥωμαίων
1781 1482 1915 1554 ἀμφὶ
1942 1482 2001 1535 τὸ
2029 1487 2128 1551 πῦρ
2146 1496 2197 1540 15

290 1576 443 1623 τοῦτο
480 1568 871 1637 ἢσχολημένων,
921 1567 991 1631 ὥς
1020 1569 1080 1622 τὸ
1120 1569 1278 1635 εῗκός,
1330 1567 1572 1623 ἁπάντων
1610 1566 1899 1639 ἀνοιγνύναι
1918 1568 2011 1635 μὲν
2038 1566 2132 1629 τὰς
2253 1562 2254 1565 ¹

275 1653 456 1717 ,πύλας
487 1654 647 1716 εὐθὺς
660 1696 676 1720 ,
725 1661 789 1726 τῇ
813 1656 867 1707 δὲ
889 1653 1030 1707 πόλει
1054 1654 1114 1708 τὸ
1143 1655 1268 1708 ἄλλο
1294 1659 1514 1725 Περσῶν
1540 1652 1836 1726 στράτευμα
1858 1653 2128 1716 δέξασθαι.

291 1743 562 1811 προείρητο
592 1739 689 1811 γὰρ
723 1746 796 1813 τῷ
819 1743 1090 1807 Νισίβιδος
1115 1738 1309 1803 πόλεως
1338 1740 1547 1811 ι’ἱρχοντι
1574 1744 1901 1811 στρατιωτῶν
1926 1743 2132 1807 πλῆθος

291 1824 508 1896 ἄγχιστά
534 1848 602 1893 πη
631 1824 1027 1896 ε’γκρυφιάζοντα
1052 1827 1104 1878 ἐν
1126 1831 1423 1898 παρασκευῇ
1449 1825 1590 1895 ἔχειν.
1654 1823 1790 1879 οὕτω
1818 1824 1915 1895 γὰρ
1942 1823 2132 1885 αὐτούς

289 1912 416 1984 ᾤετο
449 1908 698 1979 Χοσρόης
738 1911 904 1963 οὐδενὶ
934 1909 1073 1983 πόνῳ
1106 1909 1388 1979 Ῥωμαίους
1411 1932 1465 1965 τε
1494 1910 1726 1973 ἅπαντας
1755 1906 2200 1979 διαχρήσεσθαιὲο
2221 1924 2243 1983 ξ’,

286 2000 372 2050 καὶ
400 1996 492 2065 τὴν
522 1993 667 2048 πόλιν
691 1997 742 2048 ἐν
763 1999 958 2069 βεβαίῳ
986 1994 1375 2063 καταλαβόντας
1400 1994 1620 2066 σχήσειν.
1708 1992 1842 2048 ἀλλά
1874 2015 1953 2056 τις
1977 1987 2031 2047 εὖ
2058 1996 2130 2047 εἰ·
2220 1982 2249 2075 ζ]

398 2106 439 2148 6.
482 2102 830 2159 νεωτερίσειαν]
860 2103 1002 2159 Vulgo
1032 2105 1328 2159 νεωτερίσειν.
1497 2106 1541 2149 9.
1575 2101 1785 2158 Πέρσας]
1814 2099 2002 2157 πέρσαις
2030 2102 2126 2144 HL.

398 2164 470 2205 11.
498 2157 806 2216 Ἰσδιγούναν]
839 2158 1163 2215 ἰσδισγούσναν
1194 2164 1245 2204 Α.
1286 2159 1587 2217 ἰσδισγοῦναν
1617 2162 1674 2204 Η.
1717 2161 2002 2217 Isdigtmnam
2031 2159 2126 2202 RV.

398 2215 744 2273 ’Ῑεσδεγουσνάφ
798 2218 912 2274 apud
969 2218 1250 2261 Menandrum
1293 2233 1339 2275 p.
1374 2220 1476 2264 346.
1515 2217 1617 2264 354.
1658 2220 1757 2263 359.
1806 2217 1874 2260 ed.
1916 2216 2128 2260 Niebuhr.

399 2279 466 2321 19.
498 2274 894 2331 ἐγκρυφιάζοντα]
928 2273 1280 2332 ἐγκρυφιᾶζοντι
1309 2276 1360 2318 L.
1533 2279 1603 2322 20.
1635 2273 1996 2332 διαχρήσεσθαι]
2026 2276 2128 2317 δια-

398 2333 661 2389 χρήσασθαι
692 2339 742 2377 Α.
885 2335 956 2377 21.
989 2333 1072 2391 τὴν
1101 2333 1236 2381 πόλιν
1265 2330 1428 2393 Adpone
1454 2334 1508 2378 Ρ.
1569 2330 1732 2393 Δάρας
1759 2347 1839 2377 om.
1872 2335 1924 2376 A.
1980 2333 2127 2375 urbem

401 2406 498 2433 cam
527 2392 621 2434 nv.
679 2391 784 2434 ibid.
812 2385 899 2446 εὖ]
925 2383 978 2435 εὖ
1006 2407 1055 2437 τε
1083 2393 1135 2435 Ρ.

283 2491 431 2541 ticum,
457 2505 540 2534 nec
567 2490 726 2542 vinum,
767 2504 906 2546 neque
935 2490 1049 2533 ullae
1077 2491 1228 2546 fruges
1257 2490 1539 2548 proveniuntz
1588 2489 1666 2534 sed
1695 2489 1828 2533 omnis
1855 2503 1881 2533 a
1910 2487 2127 2542 Romanis,

283 2547 363 2603 qui
395 2561 493 2589 oras
523 2548 754 2590 maritimas
782 2548 1003 2602 obtinent,
1045 2548 1228 2591 navibus
1257 2551 1492 2605 importata
1518 2547 1623 2591 Lazi
1655 2547 1896 2603 accipiunt,
1937 2560 2020 2589 non
2050 2560 2127 2602 pe-

284 2604 414 2647 cunia
440 2604 528 2646 illis
558 2619 742 2661 repensa
772 2604 1018 2661 quibuscum
1049 2607 1332 2658 contrahunt,
1378 2605 1455 2648 sed
1486 2605 1685 2662 pellium,
1730 2618 1969 2656 servorum,
2017 2610 2062 2645 et
2089 2602 2127 2644 si

284 2662 410 2703 cuius
438 2666 666 2718 praeterea
695 2662 761 2704 rei
790 2669 861 2704 est
886 2663 996 2719 ipsis
1025 2663 1216 2715 affatim,
1261 2662 1573 2720 permutatione
1600 2664 1733 2706 facta.
1793 2661 1919 2712 Quo,
1949 2667 1997 2703 ut
2022 2674 2127 2702 cou-

281 2726 534 2761 sentaneum
564 2725 682 2769 erat,
725 2719 886 2761 exclusi
915 2720 1190 2772 commercio,
1233 2735 1285 2763 ex
1326 2719 1476 2762 dolore
1503 2720 1758 2763 fremebant·
1818 2719 1883 2760 Re
1914 2717 2126 2760 Chosroes

283 2774 532 2827 intellecta,
574 2775 697 2818 novis
727 2783 879 2818 contra
907 2790 956 2819 se
986 2776 1172 2820 consiliis
1214 2791 1440 2821 occurrere
1467 2778 1711 2830 satagebat.
1769 2775 1820 2819 Id
1850 2790 1952 2818 vero
1982 2788 2126 2816 secum

284 2831 495 2888 agitanti,
526 2831 726 2887 optimum
755 2834 873 2875 factu
904 2833 1038 2877 visum
1068 2841 1159 2888 est,
1188 2835 1358 2878 sublato
1388 2834 1690 2892 quamprimum
1720 2848 1745 2876 e
1773 2833 1914 2878 medio
1944 2832 2126 2874 Gubaze

282 2889 492 2931 Lazorum
530 2889 679 2943 Rege,
724 2889 965 2932 universam
1006 2899 1178 2947 gentem
1219 2892 1484 2944 transferre,
1530 2898 1576 2935 et
1603 2892 1830 2934 Persarum
1860 2889 2125 2946 aliarumque

280 2946 500 2989 nationum
529 2946 708 2988 coloniis
735 2948 951 3002 regionem
978 2947 1093 2991 illam
1123 2962 1354 3004 occupare.

397 3004 495 3046 Hoc
522 3003 630 3045 inito
671 3004 847 3046 consilio
880 3004 1120 3057 chosroes,
1166 3006 1403 3062 Isdigunan
1446 3018 1526 3061 per
1571 3017 1740 3046 causam
1771 3001 2001 3058 legationis
2030 3001 2123 3057 By-

281 3059 469 3103 zantium
499 3059 648 3111 mittit,
679 3074 773 3102 cum
803 3061 1036 3104 Persarum
1067 3061 1394 3118 quingentorum
1415 3060 1583 3116 agmine
1612 3075 1636 3103 e
1659 3059 1903 3102 fortissimis
1933 3058 2122 3101 delecto:

283 3118 439 3174 quibus
470 3117 772 3168 mandaverat,
802 3122 850 3158 ut
879 3117 922 3158 in
951 3120 1099 3160 urbem
1129 3118 1289 3162 Daram
1319 3117 1514 3170 admissi,
1544 3117 1730 3160 diversis
1760 3117 1804 3158 in
1837 3116 2015 3159 aedibus
2044 3116 2122 3158 bo·

280 3176 572 3230 spitarentur‚
618 3173 847 3230 ignemque
875 3174 959 3216 illis
989 3176 1183 3217 omnibus
1218 3181 1348 3219 noctu
1378 3174 1627 3218 iniicerent:
1681 3175 1776 3216 dum
1809 3178 1950 3217 autem
1978 3173 2122 3215 incen-

280 3232 396 3275 dium
425 3232 637 3274 Romanos
679 3244 848 3283 omnes,
895 3246 974 3287 pro
1013 3232 1079 3274 rei
1109 3232 1352 3287 gravitate,
1399 3232 1591 3274 intentos
1628 3231 1832 3283 haberet,
1879 3231 1972 3275 sine
2001 3244 2121 3273 mora

279 3295 429 3346 portas
467 3287 552 3342 ipsi
593 3287 892 3339 recluderent,
943 3304 994 3331 ac
1024 3296 1216 3332 caeteras
1247 3289 1292 3330 in
1335 3289 1482 3331 urbem
1518 3287 1666 3344 copias
1694 3289 1921 3331 Persarum
1950 3287 2122 3342 accipe-.
2198 3336 2202 3339 μ

282 3351 392 3388 rent.
450 3345 661 3390 Nisibeno
691 3345 800 3387 enim
832 3345 1057 3388 Praefecto
1087 3345 1169 3387 iam
1199 3346 1411 3397 edixerat,
1444 3346 1508 3388 uti
1538 3345 1693 3388 milites
1716 3360 1852 3403 prope
1879 3345 1924 3388 in
1953 3346 2120 3388 occulto

281 3403 540 3459 disponeret.
601 3403 702 3454 Quo
732 3403 848 3445 facto
881 3403 1061 3458 putabat
1091 3403 1305 3446 chosroes
1334 3403 1452 3454 illos,
1484 3402 1685 3445 Romanis
1714 3403 1831 3446 nullo
1859 3402 2033 3460 negotio
2063 3402 2121 3444 ad

279 3460 611 3504 internecionem
641 3459 804 3513 caesis,
835 3458 991 3504 Daram
1021 3466 1142 3504 certo
1173 3466 1470 3518 occupaturos
1531 3462 1588 3504 At
1617 3460 1813 3504 conscius
1841 3459 2119 3504 machinatio-

2206 2798 2254 3102 jafmeffiass
2202 2685 2246 2750 «ᾳ
2203 2580 2233 2669 ‹m-
