2184 3822
271 187 388 251 138
530 188 863 243 PROCOPII
903 186 997 238 DE
1040 186 1267 239 BELLO
1311 187 1603 242 PERSICO
1648 188 1688 240 Ι.
1735 189 1831 245 26.

266 327 479 397 ξυνέβη,
525 324 774 399 ἀνήκεστα
814 324 877 378 ἂν
915 325 1118 378 ἐνθένδε
1144 322 1410 394 Ῥωμαίοις
1447 326 1655 397 ἐγεγόνει
1681 326 1828 386 κακά.
1916 336 2004 383 νῦν
2030 332 2086 384 δὲ

262 419 416 468 τοῦτο
445 410 662 466 ἐκώλυσε
686 407 971 483 φθάσασα,
1018 407 1185 482 ὥσπερ
1211 433 1300 479 μοι
1321 408 1547 483 ἐρρήθη,
1585 410 1618 481 ἦ
1643 409 1906 481 ξύμβασις.
1958 413 2083 483 ἦμέ-

263 522 330 572 ρᾳ
352 499 406 551 δὲ
446 497 545 550 ἀπὸ
585 502 678 565 τῆς
716 497 1013 566 τυραννίδος
1047 494 1264 567 τετάρτῃ
1289 494 1736 568 ξυμφρονήσαντες
1755 505 2082 568 στρατιῶται,

262 581 436 654 γνώμῃ
474 578 768 648 Μάμαντός
811 603 866 634 τε
916 585 1009 634 τοῦ
1059 586 1153 651 τῆς
1183 577 1376 644 πόλεως
1412 582 1581 653 ἱερέως
1627 585 1710 636 καὶ
1747 583 2083 638 Ἀναστασιόυ

264 674 366 722 τῶν
389 668 610 734 δοκίμων
646 665 781 728 τινὸς
818 671 1068 732 πολιτῶν,
1114 668 1184 728 εἷς
1218 666 1277 720 τὸ
1302 663 1548 720 παλάτιον
1570 671 1890 739 μεσημβρίας
1917 669 2127 735 (ἔχμα-5

202 760 239 803 Β
270 749 451 820 ζούσης
492 750 787 819 ἀνέβησαν,
843 748 1047 822 κρύψας
1097 752 1308 814 ἕκαστος
1348 749 1448 805 ὑπὸ
1497 757 1570 824 τῷ
1617 753 1801 827 ἱματίῳ
1851 757 2084 824 ξιφίδιον.

263 840 346 892 καὶ
386 842 566 906 πρῶτα
595 837 688 902 μὲν
727 836 780 888 ἕν
816 842 880 909 τῇ
913 833 1148 911 μεταύλῳ
1181 835 1326 911 θύρᾳ
1368 842 1472 891 τῶν
1514 836 1818 909 δορυφόρων
1858 837 2087 909 εὑρόντες

264 923 464 991 ὀλίγους
497 920 639 984 τινὰς
671 921 830 984 εὐθὺς
877 921 1097 975 ἔκτειναν
1120 963 1136 987 ,
1197 921 1367 975 ἔπειτα
1408 923 1463 974 δὲ
1497 924 1579 974 καὶ
1615 925 1684 985 εἷς
1719 923 1809 976 τὸν
1845 923 2085 995 ἀνδρῶνα

264 1005 505 1073 ἐσβάντες
539 1012 633 1059 τοῦ
667 1004 918 1076 τυράννου
956 1006 1178 1078 ἣπτοντο
1198 1024 1212 1038 ·
1266 1008 1396 1069 τινὲς
1421 1007 1481 1060 δέ
1497 1028 1653 1078 φασιν
1687 1008 1746 1061 οὗ
1772 1009 1892 1071 τοὺς
1926 1031 2087 1079 στρα-

264 1091 452 1155 τιώτας
485 1091 610 1146 αὐτὸ
659 1088 894 1163 πρώτους
942 1090 1263 1164 ἐργάσασθαι
1287 1132 1305 1159 ,
1364 1091 1488 1144 ἀλλ’
1544 1092 1714 1147 αὐτῶν
1754 1093 1825 1146 ἔτι
1870 1092 2083 1161 μελλόν-
2103 1096 2157 1140 10

264 1201 368 1232 των
413 1198 466 1231 τε
506 1177 558 1230 ἐν
603 1183 667 1248 τῇ
712 1175 948 1250 μεταύλῳ
1004 1180 1088 1231 καὶ
1154 1174 1634 1248 κατωρρωδηκότων
1691 1178 1780 1232 τὸν
1833 1182 2081 1245 κίνδυνον,

265 1269 370 1317 τῶν
413 1285 527 1316 τινα
573 1261 980 1316 ἄλλαντοπωλῶν
1031 1262 1118 1326 ξὺν
1166 1262 1340 1325 αὗτοΐς
1393 1261 1516 1316 ὄντα
1570 1265 1859 1332 ἕσπηδῆσαί
1903 1287 1955 1317 τε
1999 1265 2088 1328 ξὺν

263 1355 329 1421 τῇ
383 1349 552 1401 κοπίδι
601 1349 683 1400 καὶ
735 1353 811 1420 τῷ
848 1345 1057 1419 Ἰωάννῃ
1113 1345 1386 1416 ἐντυχόντα
1437 1347 1839 1418 ἀπροσδοκήτως
1888 1358 2085 1407 παῖσαι.

263 1437 347 1487 καὶ
393 1433 482 1486 τὸν
529 1431 589 1485 οὗ
635 1433 888 1501 πληγέντα
931 1433 1025 1499 μὲν
1074 1434 1275 1504 καιρίαν
1319 1431 1553 1502 πληγὴν,
1628 1433 1719 1496 ξὺν
1765 1431 1981 1507 θορύβῳ
2032 1436 2087 1488 δὲ

261 1523 435 1591 πολλῷ
480 1514 763 1588 φεύγοντα,
835 1518 887 1579 ἒς
932 1514 1148 1579 τούτους
1196 1517 1260 1588 δὴ
1314 1517 1437 1580 τοὺς
1483 1516 1802 1588 στρατιώτας
1856 1522 2083 1587 ἐμπεσεῖν
2102 1523 2156 1568 15

194 1606 233 1648 C
262 1603 424 1674 ἄφνω.
513 1602 649 1656 οὕτω
690 1623 744 1655 τε
793 1608 886 1656 τοῦ
933 1600 1216 1673 ἀνθρώπου
1270 1601 1459 1665 αὐτοὺς
1505 1600 1803 1671 ἁψαμένους
1852 1611 1954 1675 πῖρ
1994 1606 2086 1673 μὲν

260 1690 444 1743 αὐτίκα
482 1692 552 1761 τῷ
598 1689 831 1760 παλατίῳ
877 1685 1193 1760 ὗφάψαντας
1230 1693 1445 1754 καῦσαι,
1503 1685 1574 1751 ὥς
1611 1686 1686 1759 μή
1724 1711 1799 1752 τις
1835 1691 1973 1752 ἐλπὶς
2006 1690 2086 1743 ἒν-

259 1775 411 1828 θένδε
447 1774 783 1844 ἀπολειφθείη
810 1782 918 1836 τοῖς
951 1774 1018 1827 τὰ
1040 1770 1258 1844 νεώτερα
1294 1771 1572 1844 πράγματα
1609 1773 1953 1846 πράσσουσιν,
1992 1775 2087 1828 αὐ-

258 1860 348 1915 τὸν
401 1860 457 1912 δὲ
500 1861 551 1920 ἐς
603 1858 662 1911 τὸ
715 1850 1464 1930 δεσμωτήριον’ἀπαγαγόντας
1515 1860 1683 1926 δῆσαι.
1783 1863 1866 1914 καὶ
1913 1860 2083 1914 αὐτῶν

257 1967 372 1999 τινα
409 1945 646 1998 δείσαντα
685 1942 758 2012 μὴ
796 1944 845 1997 οἶ
895 1949 1204 2016 στρατιῶται
1246 1953 1484 2014 περιεῖναι
1530 1944 1618 1997 τὸν
1662 1941 1911 2016 τύραννον
1936 1943 2081 2016 γνόν·
2096 1949 2155 1994 20

261 2051 344 2092 τες
393 2027 668 2100 πράγματα
716 2033 780 2100 τῇ
827 2026 966 2083 πόλει
1023 2023 1181 2092 αὖθις
1229 2027 1622 2100 παράσχωνται,
1682 2033 1873 2084 κτεῖναί
1907 2053 1961 2085 τε
1996 2030 2086 2085 τὸν

253 2113 520 2183 Ἰωάννην,
566 2115 650 2167 καὶ
685 2111 849 2187 τούτῳ
891 2115 954 2183 δὴ
993 2120 1066 2189 τῷ
1102 2112 1274 2189 τρόπῳ
1314 2115 1405 2184 τὴν
1455 2114 1687 2185 ταραχὴν
1724 2121 1933 2170 παῦσαι.
2020 2115 2086 2171 τὰ

260 2201 353 2270 μὲν
392 2195 482 2255 οὖν
518 2199 652 2270 ἀμφὶ
691 2195 854 2270 ταύτῃ
885 2206 950 2272 τῇ
987 2202 1246 2272 τυραννίδι
1276 2203 1395 2273 τῇδε
1433 2196 1700 2272 ἐχώρησεν.

375 2353 418 2395 2.
449 2349 651 2406 ἐρρήθη]
682 2346 852 2405 ἐρῤέθη
882 2351 932 2392 Ρ.
1045 2351 1087 2395 7.
1116 2316 1326 2409 μεξαύλφ
1356 2351 1410 2394 L.
1445 2348 1654 2408 μεσαύλῳ
1676 2351 1727 2393 Ρ.
1842 2351 1913 2396 10.
1955 2346 2087 2406 ἐργά-

376 2410 579 2464 σασθαι]
608 2409 846 2464 εἰργάσθαι
877 2410 928 2452 L.
989 2407 1119 2459 Quod
1151 2422 1207 2451 ex
1235 2410 1344 2465 Reg.
1373 2409 1503 2453 affert
1531 2410 1775 2454 Malu-etus.

261 2521 536 2565 medicabile:
575 2522 650 2564 sed
691 2527 790 2565 ante
828 2521 1016 2573 sancita,
1053 2526 1101 2564 ut
1141 2521 1257 2574 dixi,
1290 2521 1516 2565 concordia
1556 2521 1658 2564 illud
1689 2520 1858 2564 avertit.
1917 2519 2084 2570 Quarto

262 2581 426 2621 demum
456 2595 483 2620 a
510 2579 735 2634 tyrannide
773 2580 950 2647 incepta
987 2579 1057 2622 die
1086 2579 1384 2646 conspirarunt
1411 2580 1524 2622 inter
1552 2593 1600 2621 se
1630 2578 1796 2630 milites,
1827 2585 1871 2620 et
1899 2576 1953 2619 de
1981 2592 2084 2620 sen-

262 2637 400 2679 tentia
429 2636 680 2689 Mamantis,
713 2637 787 2694 qui
815 2635 1003 2679 civitatis
1033 2637 1211 2679 antistes
1243 2642 1362 2689 erat,
1392 2643 1524 2692 atque
1553 2634 1766 2678 Anastasii
1794 2634 1899 2677 civis
1928 2635 2084 2691 prima-

264 2694 318 2736 rii
358 2694 414 2735 ad
461 2693 663 2749 palatium
713 2693 992 2736 ascenderunt
1041 2694 1134 2750 ipso
1186 2693 1393 2736 meridie=
1444 2694 1632 2736 abditam
1671 2693 1749 2735 sub
1792 2698 1912 2735 veste
1953 2692 2082 2735 sicam

266 2750 450 2806 quisque
479 2752 692 2804 gestabat.
749 2752 812 2793 Ac
841 2750 1016 2807 primurn
1046 2765 1136 2793 cum
1167 2765 1247 2807 pro
1283 2751 1408 2793 ianua
1436 2750 1551 2793 inter
1579 2750 1716 2791 aulam
1745 2754 1968 2806 utramque
1997 2764 2084 2791 mc-

266 2808 338 2851 dia
368 2821 527 2863 paucos
566 2807 770 2850 satellites
809 2807 1113 2859 offendissent,
1154 2809 1378 2850 confecere
1409 2806 1544 2849 ἰΙΙίοο.
1583 2806 1733 2850 deinde
1763 2806 2026 2849 andronem
2015 2821 2083 2847 in-

263 2864 402 2921 gressi
455 2871 638 2920 tyranno
681 2879 826 2906 manus
865 2864 1063 2906 iniecere.
1124 2865 1327 2908 Tradunt
1365 2863 1552 2907 nonnulli
1589 2865 1764 2935 primam
1806 2864 1931 2906 huius
1974 2863 2084 2906 faci-

264 2923 378 2964 noris
410 2922 574 2964 laudem
618 2935 700 2963 non
731 2921 879 2964 deberi
920 2921 1147 2973 militibus,
1191 2923 1268 2964 sed
1307 2921 1463 2964 sartori
1503 2921 1666 2964 cuidam
1711 2919 1817 2976 ipsis
1858 2920 2083 2976 permisto·

267 2979 366 3046 qui,
408 2979 504 3021 dum
549 2978 592 3020 hi
628 2986 740 3020 metu
779 2985 1081 3020 cunctarentur
1121 2978 1174 3021 ad
1218 2979 1409 3031 ianuam,
1444 2979 1558 3020 intro
1588 2993 1683 3020 cum
1710 2977 1846 3019 cultro
1877 2977 2082 3019 culinaria

264 3036 501 3088 insiluerit,
531 3036 705 3092 deque
694 3035 925 3091 improviso
957 3035 1215 3091 percusserit
1243 3037 1437 3078 Ioannem
1465 3035 1658 3077 obvium·
1687 3035 1797 3076 hunc
1820 3048 1922 3076 vero
1955 3034 2082 3090 plaga

264 3094 430 3136 minime
471 3093 589 3135 letali
634 3103 811 3149 accepta
840 3107 933 3134 cum
969 3107 1119 3144 magna
1147 3092 1469 3149 perturbatione
1497 3092 1678 3146 fugisse,
1705 3105 1756 3133 ac
1787 3096 1957 3146 praeter
1986 3091 2083 3158 opi-

263 3151 428 3194 nionem
467 3149 667 3194 incidisse
706 3150 751 3192 in
779 3149 958 3200 milites3
1000 3149 1155 3205 illoque
1199 3151 1252 3192 ab
1290 3149 1356 3192 his
1394 3158 1620 3204 correpto,
1660 3162 1756 3190 mox
1785 3148 1987 3204 palatium
2016 3149 2079 3189 in-

264 3221 458 3259 censum,
500 3213 548 3249 ut
586 3221 725 3249 rerum
765 3221 966 3249 novarum
1012 3206 1178 3262 cupidis
1220 3206 1331 3249 nulla
1370 3205 1575 3262 praesidii
1611 3218 1710 3261 spes
1749 3205 1914 3260 reliqua
1943 3211 2081 3247 esset.

263 3266 493 3308 abductum
537 3265 692 3306 deinde
729 3263 925 3306 Ioannem
967 3263 1010 3304 in
1050 3277 1263 3304 carcerem
1305 3262 1601 3318 vinctumque.
1639 3261 1807 3304 tandem
1839 3277 1864 3304 a
1898 3262 2079 3317 quodam

263 3323 562 3372 interfectum,
589 3320 725 3364 vetito
755 3320 919 3362 scilicet
947 3335 1001 3362 ne
1029 3320 1211 3371 milites,
1254 3319 1291 3361 si
1321 3319 1518 3362 audirent
1558 3326 1779 3374 tyrannum
1807 3321 1976 3371 vivere,
2005 3333 2081 3360 ne-

264 3381 428 3434 gotium
457 3379 595 3421 denuo
637 3378 802 3420 civitati
840 3378 1124 3419 facesserent:
1169 3384 1295 3431 atque
1334 3375 1396 3417 ita
1438 3389 1720 3433 compressum
1747 3375 1878 3419 fuisse
1905 3380 2076 3419 motum.

266 3438 391 3480 Hunc
418 3436 491 3480 illa
518 3436 714 3492 tyrannis
741 3448 930 3490 cursum,
962 3435 1074 3477 hunc
1101 3433 1259 3476 exitum
1286 3431 1448 3476 habuit.
