2184 3822
243 170 320 226 72
650 141 652 144 ’
988 166 1319 222 PROGOPH

173 318 212 360 D
243 308 430 372 αὗτοῦς
470 307 642 381 ᾔεσαν.
730 311 924 378 πρῶτοι
961 307 1104 361 δὲοὶ
1133 305 1410 378 τριακόσιοι
1448 308 1536 372 ξὺν
1575 313 1648 382 τῷ
1687 305 1842 384 Φάρα
1871 300 2059 380 Ἔρουὲ·

240 401 322 448 λοι
354 396 407 458 ἐξ
430 391 636 463 ὑψηλοῦ
660 392 792 445 κατὰ
827 388 991 445 νώτου
1015 397 1118 446 τῶν
1141 396 1394 462 πολεμίων
1411 391 1660 464 γινόμενοι
1697 393 1818 463 ἔργα
1842 400 2059 461 θαυμα-

240 479 340 533 στὰ
369 478 420 541 ἴς
443 500 496 531 τε
520 478 640 540 τοὺς
666 475 852 538 ἄλλους
877 479 962 530 καὶ
984 477 1105 540 τοὺς
1127 479 1452 548 Καδισηνοῦς
1476 479 1834 532 ἐπεδείκνυντο.
1920 479 1975 531 οἳ
1992 479 2058 547 δὴ

239 565 342 617 ἐπεὶ
379 565 462 615 καὶ
486 562 607 623 τούς
637 560 770 632 ἀμφὶ
807 559 896 615 τὸν
920 564 1167 616 Σουνίκαν
1196 565 1438 634 πλαγίους
1468 563 1568 633 ἤδη
1591 559 1822 625 ἀνιόντας
1846 562 1928 614 ἐπ’
1963 563 2060 615 αὗ-

238 647 362 709 totve,-
402 644 564 711 εἶδον,
609 645 660 707 ἐς
693 645 857 717 φυγὴν
890 645 1144 718 ὥρμηντο.
1226 654 1320 717 τῆς
1351 649 1407 701 δὲ
1430 653 1625 718 τροπῆς
1656 653 1896 718 λαμπρᾶς
1918 662 2102 717 γενο-5

240 731 424 800 μένης,
470 730 639 798 ἐπειδὴ
664 727 902 799 ἀλλήλοις
929 732 1192 801 ξυνέμιξαν
1217 734 1266 787 οἳ
1287 729 1450 803 ταύτῃ
1471 729 1739 799 Ῥωμαῖοι,
1777 732 1941 802 γέγονε
1963 729 2064 803 φό-

239 836 327 877 νος
348 819 451 868 τῶν
472 813 755 886 βαρβάρων
781 814 955 879 πολύς.
1045 821 1127 871 καὶ
1155 818 1325 872 αὐτῶν
1350 817 1479 870 κατὰ
1519 817 1669 888 κε’ρας
1691 817 1751 871 τὸ
1778 818 1940 880 δεξιὸν
1971 816 2066 884 οὐχ

240 899 436 969 ἤσσους
459 899 491 967 ἢ
516 902 782 970 τρισχίλιοι
807 901 860 955 ἒν
884 898 1051 976 τούτῳ
1076 908 1149 975 τῷ
1176 900 1315 975 πόνῳ
1341 901 1623 966 ἀπέθανον,
1670 902 1721 954 οἶ
1744 903 1800 954 δὲ
1822 903 1989 954 λοιποὶ
2015 901 2068 962 ἐς

241 984 336 1052 τὴν
360 981 598 1055 φάλαγγα
621 983 768 1054 μόλις
793 984 1166 1058 καταφυγόντες
1188 985 1478 1055 ἐσώθησαν.
1560 983 1798 1053 Ῥωμαῖοι
1827 987 1882 1038 δὲ
1903 984 2070 1038 οὐκέτι

241 1070 481 1136 ε’δίωκον,
527 1069 643 1122 ἀλλ’
688 1072 741 1123 ἐν
773 1077 838 1142 τῇ
878 1070 1156 1141 παρατάξει
1186 1068 1413 1142 ἑκάτεροι
1454 1069 1674 1140 ἔστησαν
1712 1069 1875 1124 ἀντίοι
1907 1067 2066 1139 ἀλλή-
2080 1082 2139 1128 10

242 1159 368 1216 λοις.
456 1159 621 1207 ταῦτα
644 1155 736 1223 μὲν
758 1150 849 1209 οὖν
871 1156 1075 1228 ἐφέρετο
1099 1158 1239 1227 τῇδε.

93 1250 129 1292 P
157 1249 216 1296 42
413 1236 692 1310 Μιρράνης
715 1261 768 1294 τε
803 1239 989 1303 ἄλλους
1013 1262 1065 1294 τε
1090 1240 1309 1302 πολλοὺς
1332 1241 1414 1293 καὶ
1447 1238 1568 1302 τοὺς
1594 1235 1894 1300 ἀθανάτους
1925 1243 2068 1308 λεγο-

240 1322 425 1391 μένους
458 1323 689 1387 ἅπαντας
724 1325 774 1387 ἐς
812 1325 965 1396 μέρος
997 1325 1054 1379 τὸ
1082 1324 1346 1395 ἀριστερὸν
1361 1321 1537 1393 λάθρα
1561 1323 1798 1392 ἔπεμψεν.
1875 1321 1966 1385 οὓς
2002 1323 2068 1392 δὴ

243 1406 530 1470 κατιδόντες
550 1405 852 1479 Βελισάριός
874 1431 928 1463 τε
952 1412 1034 1463 καὶ
1059 1407 1385 1479 Ἑρμογένης,
1431 1409 1552 1471 τοὺς
1577 1409 1711 1479 ἀμφὶ
1738 1410 1988 1462 Σουνίκαν
2014 1429 2069 1461 τε

243 1495 329 1545 καὶ
359 1495 531 1562 Αἶγᾶν
570 1490 862 1557 ἑξακοσίους
900 1495 951 1556 ἔς
985 1495 1172 1564 γωνίαν
1207 1494 1300 1562 τὴν
1321 1494 1374 1546 ἐν
1397 1495 1536 1568 δεξιᾷ
1556 1494 1779 1547 ἐκέλευον
1806 1492 1957 1559 ἴέναι,
2006 1485 2068 1547 οὗ
2083 1503 2141 1549 15

245 1576 310 1643 δὴ
351 1577 399 1630 οἷ
438 1577 527 1640 ξὺν
557 1582 632 1649 τῷ
659 1580 798 1653 Σιζιιᾳ
825 1600 878 1632 τε
917 1581 1000 1631 καὶ
1024 1578 1212 1633 Ἀσκᾶν
1243 1580 1486 1645 ἰ’σταντο,
1533 1580 1616 1631 καὶ
1653 1577 1822 1631 αὐτῶν
1854 1577 2070 1632 ὄπισθεν

88 1665 129 1707 H
155 1664 214 1708 23
246 1666 350 1714 τῶν
370 1663 655 1734 Βελισαρίῳ
679 1660 934 1730 ἑπομένων
959 1664 1178 1726 πολλοὺς
1205 1663 1441 1732 ἔστησαν.
1526 1663 1728 1733 Πέρσαι
1751 1664 1844 1730 μὲν
1867 1657 1974 1726 οὖν,
2021 1662 2077 1716 οἳ

243 1746 393 1816 κέρας
430 1746 489 1800 τὸ
526 1746 791 1819 ἀριστερὸν
827 1747 959 1816 εἶχον
985 1753 1301 1818 Βαρεσμανᾶ
1339 1745 1615 1817 ἡγουμένου
1641 1749 1809 1817 σφίσι,
1851 1747 1940 1811 ξὺν
1963 1756 2073 1809 τοῖς

244 1827 528 1893 ἀθανάτοις
549 1833 598 1893 ἐς
621 1833 744 1894 τοὺς
770 1833 877 1886 κατ’
908 1832 1096 1895 αὐτοὺς
1112 1831 1392 1899 Ῥωμαίους
1412 1829 1587 1905 δρόμῳ
1609 1833 1898 1900 ἐσέβαλλον.
1944 1833 1992 1886 οἱ
2016 1833 2073 1886 δὲ

247 1915 341 1983 οὐχ
355 1913 667 1978 ὑποστάντες
684 1917 774 1986 τὴν
789 1917 974 1988 ἔφοδον
998 1919 1049 1980 ἐς
1065 1918 1230 1989 φυγὴν
1246 1917 1500 1986 ὥρμηντο.
1547 1915 1671 1978 τότε,
1688 1917 1752 1985 δὴ
1780 1919 1833 1970 οἵ
1853 1938 1904 1970 τε
1930 1919 1982 1969 ἓν
2005 1922 2068 1989 τῇ
2083 1928 2143 1973 20

244 2002 401 2074 γωνία
428 1997 667 2067 Ῥωμαῖοι
703 2004 787 2055 καὶ
825 2001 936 2055 ὅσοι
970 2003 1140 2056 αὐτῶν
1178 2002 1394 2056 ὄπισθεν
1427 1996 1590 2071 ἦσαν,
1652 2004 1853 2072 σπουδῇ
1908 2007 2073 2073 πολλῇ

248 2086 330 2138 ἐπὶ
354 2084 474 2146 τούς
499 2082 777 2148 διώκοντας
798 2087 970 2159 ᾔεσαν.
1057 2086 1144 2140 ἅτε
1166 2088 1222 2140 δὲ
1245 2096 1352 2148 τοῖς
1379 2085 1666 2157 βαρβάροις
1690 2085 1943 2157 ε’γκάρσιοι
1965 2085 2074 2141 ἰόν-

186 2176 224 2221 Β
254 2191 363 2237 τες,
409 2171 592 2224 διεῖλον
619 2171 790 2227 αὐτῶν
818 2175 934 2241 δίχα
962 2172 1020 2227 τὸ
1056 2170 1380 2243 στράτευμα,
1427 2174 1512 2225 καὶ
1537 2171 1660 2233 τοὺς
1693 2173 1787 2241 μὲν
1808 2173 2075 2235 πλείστους

1887 2280 1899 2304 N

361 2335 404 2380 7.
431 2329 589 2381 αὐτῶν
616 2335 668 2380 Α.
723 2337 818 2381 τῶν
846 2337 896 2380 Ρ.
1013 2337 1082 2382 16.
1112 2336 1269 2394 Σίμᾳ]
1302 2335 1445 2396 σι’μμᾳ
1472 2336 1526 2381 Α.

250 2476 339 2520 rius
375 2476 557 2521 trecenti
595 2477 658 2521 illi
697 2492 790 2522 cnm
828 2479 970 2523 Phara
1012 2479 1134 2523 Eruli
1171 2494 1223 2524 ex
1251 2478 1367 2523 edito
1398 2476 1562 2522 aversis
1589 2476 1782 2521 hostibus
1810 2476 2076 2521 imminentes

250 2533 355 2577 mira
382 2535 575 2578 facinora
602 2551 695 2579 cum
724 2537 767 2579 in
798 2538 904 2580 alios
935 2537 1188 2590 ediderunt,
1232 2542 1318 2580 tum
1347 2535 1524 2578 maxime
1553 2535 1594 2578 in
1624 2534 1884 2584 Cadisenos‚
1924 2536 1996 2591 qui
2026 2541 2074 2578 ut

251 2590 450 2632 Sunicam
480 2592 605 2634 etiam
635 2607 725 2634 cum
755 2595 842 2637 suis
870 2609 895 2636 e
925 2601 1171 2638 transverso
1211 2599 1552 2650 prorumpentem
1594 2591 1769 2643 videre,
1809 2591 1921 2634 inico
1962 2592 2076 2634 arri-

252 2654 438 2703 puerunt
477 2649 635 2702 fugam.
692 2649 761 2692 Ea
801 2650 915 2692 clare
944 2652 1139 2707 cognita,
1164 2652 1411 2694 *iunxerunt
1438 2649 1605 2704 agmina
1634 2647 1840 2700 Romani,
1881 2648 1955 2704 qui
1985 2648 2074 2691 iilic

252 2709 401 2755 erant,
444 2709 490 2746 et
518 2719 710 2760 magnam
741 2707 1010 2750 barbarorum
1042 2709 1213 2751 caedem
1243 2709 1451 2750 fecerunt.
1508 2706 1558 2748 In
1589 2706 1670 2747 hac
1698 2705 1970 2748 dimicatione
1998 2720 2074 2747 ce-

250 2759 450 2803 ciderunt
482 2775 535 2803 ex
563 2763 743 2805 hostium
773 2778 902 2805 cornu
933 2767 1110 2807 dextero
1142 2766 1350 2807 minimum
1378 2776 1444 2805 111.
1473 2775 1522 2805 nt.
1552 2763 1712 2804 caeteri
1742 2761 1812 2804 vix
1843 2767 2076 2805 evaserunt

251 2815 308 2859 ad
345 2830 461 2859 suam
501 2817 660 2861 aciem:
705 2834 843 2876 neque
883 2820 980 2863 iilos
1020 2822 1199 2864 insecuti
1240 2819 1413 2864 Romani
1443 2824 1565 2871 sunt3
1603 2819 1678 2861 sed
1705 2819 1750 2861 in
1780 2819 1874 2861 acie
1902 2819 2075 2875 utrique

250 2871 336 2916 sibi
363 2872 543 2916 invicem
571 2876 760 2931 oppositi
789 2876 1087 2919 constiterunt.
1144 2879 1269 2921 Hunc
1302 2891 1374 2920 res
1399 2875 1459 2919 ibi
1485 2889 1724 2918 successum
1755 2876 1920 2919 habuit.

366 2931 433 2973 Ad
470 2945 598 2973 cornu
637 2947 741 2974 vero
781 2933 996 2975 sinistrum
1042 2934 1284 2977 Mirrhanes
1322 2947 1412 2976 cum
1454 2932 1560 2976 aiios
1599 2933 1835 2988 complures
1864 2932 2074 2984 submisit,

251 2990 339 3029 tum
367 2990 500 3030 totam
527 2990 743 3032 cohortem
772 2989 1080 3033 Immortalium.
1141 2992 1231 3034 Hos
1260 2997 1309 3034 ut
1334 2990 1534 3033 viderunt
1561 2989 1797 3032 Belisarius
1822 2995 1866 3032 et
1894 2990 2078 3031 Hermo-

253 3056 410 3098 genes,
445 3050 670 3087 sexcentos
700 3047 892 3103 equites,
938 3061 1044 3103 quos
1074 3049 1253 3091 Sunicas
1282 3062 1374 3090 cum
1401 3049 1577 3101 Augane
1605 3047 1812 3096 ducebat,
1857 3046 1911 3088 ad
1940 3060 2077 3100 angu-

253 3099 338 3142 lum
369 3100 613 3153 dexterum,
645 3102 717 3145 ubi
745 3103 884 3145 Simas
913 3110 958 3145 et
986 3107 1122 3145 Ascan
1153 3105 1195 3145 in
1225 3105 1447 3160 procinctu
1472 3104 1668 3154 stabant,
1697 3109 1920 3146 vocarunt.
1955 3103 2076 3144 Pone

255 3156 351 3198 illos
379 3170 532 3213 magna
563 3172 662 3214 pars
691 3173 861 3212 eorum,
891 3159 961 3215 qui
992 3160 1239 3203 Belisarium
1268 3161 1584 3216 sequebantur,
1613 3159 1754 3201 locata
1783 3160 1877 3201 fuit.
1935 3159 2077 3214 Igitur

257 3213 418 3256 Persae
445 3215 489 3255 in
518 3228 650 3256 cornu
677 3215 851 3258 sinistro
878 3216 1035 3272 positi,
1082 3217 1191 3260 duce
1220 3219 1499 3267 flammans,
1529 3229 1620 3258 cum
1649 3216 1956 3258 Immortalibus
1986 3215 2077 3257 Ro-

257 3283 401 3313 manos
438 3270 644 3329 invadunt
681 3272 763 3315 sibi
803 3272 1005 3315 obiectos.
1067 3273 1126 3315 Hi
1168 3288 1317 3329 magno
1355 3273 1485 3315 fracti
1522 3272 1681 3328 impetu
1710 3273 1791 3314 iam
1822 3275 2001 3314 ruebant
2027 3273 2076 3314 in

256 3330 423 3384 fugam,
469 3342 565 3371 cum
610 3327 844 3385 dispositae
894 3329 950 3371 ad
978 3330 1170 3384 anguium
1199 3336 1363 3372 turmae
1406 3336 1453 3372 et
1478 3329 1720 3385 quicunque
1750 3335 1846 3384 post
1871 3330 1966 3372 illas
1997 3328 2078 3370 ad-

260 3392 410 3432 erant,
451 3383 495 3426 in
535 3391 836 3442 persequentes
877 3385 1070 3429 effudere
1107 3401 1153 3428 se
1183 3385 1489 3428 ardentissime.
1549 3386 1733 3441 Obliquo
1760 3386 1929 3429 incursu
1964 3386 2075 3427 bifa-

259 3442 363 3489 riam
392 3442 551 3485 scissus
580 3449 646 3486 est
672 3442 920 3487 barbaricus
949 3445 1187 3497 exercitus,
1217 3443 1387 3488 exclusa
1416 3442 1472 3486 ad
1502 3442 1717 3487 dexteram
1739 3450 1862 3502 parte
1882 3442 2075 3494 maxima,
