2254 3814
321 129 442 190 346
1067 132 1400 187 PROCOPH

257 277 295 319 Β
327 273 418 327 οὐκ
458 268 766 339 αῗκιζόμενος
800 270 864 323 τὰ
907 266 1123 339 σώματα
1161 271 1330 344 ὥσπερ
1368 274 1416 326 οἶ
1441 268 1705 345 πρότεροι,
1748 271 1880 327 ἀλλὰ
1907 283 2075 342 τιμαῖς
2094 297 2147 329 τε

321 362 406 413 καὶ
443 359 623 428 ἀρχαῖς
662 355 847 424 μετιών
886 358 970 408 καὶ
996 356 1226 428 χρήμασι
1263 355 1500 429 μεγάλοις
1527 355 1876 428 δωρούμενος,
1922 361 2148 422 καὶτοὺς

319 445 692 507 ἀπειθοῦντας,
739 439 908 494 ὃποΐοί
929 463 1051 497 ποτε
1074 442 1167 497 εἷεν
1181 486 1199 510 ,
1244 441 1428 514 ἥκιστά
1453 466 1505 515 γε
1524 445 1707 498 εἰδέναι
1738 441 2053 512 ποιούμενος.
2105 449 2148 498 εἶ

318 530 379 583 δέ
400 548 542 589 τινας
567 525 718 595 λάβοι
749 525 986 596 μεγάλοις
1025 526 1389 600 ἁμαρτήμασιν
1426 528 1632 598 ἐνόχους
1668 528 1701 599 ἢ
1738 527 1912 600 γνώμῃ
1947 529 1979 598 ἢ
2015 527 2145 601 τύχῃ

318 613 704 684 γεγενημένους,
761 610 963 674 τούτοις
1003 614 1066 683 δὴ
1116 617 1582 683 μεταβαλλομένοις
1627 615 1720 685 τὴν
1758 613 1912 677 δόξαν
1953 617 2189 682 μισθόνὸ

317 698 587 769 προύτίθει
612 699 686 767 μὴ
715 700 893 751 δοῦναι
919 699 1012 766 τὴν
1039 702 1182 770 δίκην
1208 694 1279 754 ὧν
1300 698 1613 770 ἡμάρτανον.
1691 700 1859 768 ἐπειδὴ
1886 701 1941 752 δὲ
1964 698 1996 767 ἡ
2025 701 2149 770 γυνὴ

316 781 577 850 ἐτελεύτα,
641 783 701 838 οὐ
738 784 977 853 γενομένη
1014 783 1185 856 μήτηρ
1213 786 1327 840 οὕτε
1367 786 1580 857 ἄρσενος
1619 784 1735 840 οὕτε
1765 783 1958 854 θήλεος
1979 783 2148 854 γόνου,

317 875 565 939 κρατῦναι
609 867 679 932 ὥς
710 868 896 940 ἄριστα
931 871 1026 938 τὴν
1055 874 1319 939 βασιλείαν
1357 869 1694 940 βουλόμενος,
1750 873 1803 934 ἐς
1849 871 2152 939 Θευδέριχον

316 955 407 1008 τὸν
436 959 487 1009 Γ
484 953 658 1009 ότθων
692 955 910 1022 βασιλέα
937 957 1148 1025 πέμψας
1167 958 1276 1030 ᾔτει
1306 958 1355 1012 οῗ
1376 966 1590 1028 γυναῖκα
1614 957 1706 1025 τὴν
1740 956 1968 1026 ἀδελφὴν
1994 955 2153 1024 Ἀμα-

316 1043 577 1112 λαφρίδαν
616 1038 846 1108 διδόναι,
900 1034 962 1109 ἧς
995 1043 1058 1110 δὴ
1092 1043 1209 1114 ἄρτι
1245 1042 1272 1098 ὅ
1312 1043 1442 1115 ἀνὴρ
1479 1041 1752 1111 ἐτεθνήκει.
1842 1039 1869 1095 ὃ
1903 1042 1963 1094 δέ
1988 1042 2036 1094 οἱ
2060 1042 2151 1109 τὴν
2171 1054 2224 1097 10

255 1136 295 1179 C
325 1126 553 1198 ἀδελφὴν
582 1125 777 1194 ἔπεμψε
818 1129 903 1180 καὶ
937 1132 988 1180 Γ
983 1125 1157 1183 ότθων
1183 1131 1407 1192 δοκίμων
1437 1130 1633 1197 χιλίους
1656 1129 1708 1180 ἐν
1733 1124 2039 1198 δορυφόρων
2064 1124 2154 1180 λό-

315 1233 422 1284 γῳ,
471 1210 548 1274 οἷς
576 1212 639 1280 δὴ
682 1211 857 1279 ὅμιλος
899 1215 1179 1284 θεραπείας
1215 1217 1377 1267 εἵπετο
1415 1215 1467 1276 ἐς
1498 1213 1643 1266 πέντε
1672 1210 1898 1281 μάλιστα
1918 1209 2154 1280 χιλιάδας

316 1298 519 1368 ἀνδρῶν
555 1298 808 1365 μαχίμων.
898 1297 1195 1369 ἐδωρήσατο
1235 1301 1291 1353 δὲ
1330 1299 1424 1367 τὴν
1460 1298 1688 1370 ἀδελφὴν
1730 1298 2033 1367 Θευδέριχος
2070 1299 2154 1350 καὶ

314 1388 419 1436 τῶν
453 1384 684 1444 Σικελίας
717 1383 1047 1454 ἀκρωτηρίων
1084 1383 1246 1438 ὄντων
1285 1381 1368 1451 (ἐν,
1415 1383 1443 1438 ὃ
1483 1384 1548 1452 δὴ
1585 1389 1798 1437 καλοῦσι
1837 1382 2151 1449 Λιλύβαιον,

315 1470 401 1521 καὶ
427 1468 522 1520 ἀπ’
550 1467 711 1521 αὐτοῦ
737 1467 907 1531 ἔδοξεν
931 1466 958 1523 ὅ
992 1473 1404 1539 Τρασαμοῦνδος
1424 1466 1631 1524 πάντων
1658 1469 1721 1538 δὴ
1746 1474 1847 1522 τῶν
1874 1470 1925 1522 ἐν
1954 1470 2149 1521 ,Bm-<512
2171 1480 2222 1524 15

316 1559 424 1615 λοις
447 1551 778 1623 ἡγησαμένων
804 1556 1049 1624 κρείσσων
1068 1576 1121 1609 τε
1149 1554 1272 1610 εἶναι
1310 1558 1394 1609 καὶ
1418 1553 1793 1617 δυνατώτατος.
1883 1554 2072 1624 ἐγένετο
2099 1555 2154 1606 δὲ
2253 1577 2254 1618 1

313 1641 466 1710 φίλος
490 1641 573 1692 καὶ
596 1639 915 1713 Ἀναστασίῳ
939 1646 1147 1705 βασιλεῖ
1170 1643 1219 1703 ἔς
1253 1641 1316 1695 τὰ
1353 1638 1595 1709 μάλιστα.
1683 1642 1762 1693 ἐπὶ
1788 1637 1973 1693 τούτου
2001 1645 2154 1707 βασι-
2253 1619 2254 1663 ³

316 1723 553 1787 λεύοντος
581 1726 808 1788 ξυνέπεσε
836 1729 1113 1787 Βανδίλοις
1135 1712 1310 1789 πάθος
1335 1748 1385 1779 τι
1412 1732 1602 1781 παθεῖν
1641 1725 1768 1799 πρὸς
1795 1727 2154 1797 Μαυρουσίων

319 1808 426 1863 οἷον
465 1811 564 1877 πρὸ
592 1816 683 1863 τοῦ
714 1811 854 1865 οὔπω
877 1812 1161 1881 ξυνηνέχθη
1186 1813 1438 1882 γενέσθαι.
1568 1870 1570 1873 ,
2253 1867 2254 1870 ,

483 1893 716 1963 Καβάων
751 1891 815 1965 ἦν
850 1918 926 1959 τις
960 1897 1134 1967 ἰίρχων
1168 1903 1272 1951 τῶν
1317 1897 1451 1967 ἀμφὶ
1481 1895 1730 1966 Τρίπολιν
1771 1895 2226 1965 Μαυρουσίων,ΞΟ
2253 1915 2254 1955 3

315 1980 552 2049 πολέμων
590 2002 643 2034 τε
685 1987 887 2035 πολλῶν
929 1981 1162 2051 ἔμπειρος
1197 1984 1280 2036 καὶ
1316 1985 1429 2035 λίαν
1467 1981 1717 2050 ἀγχίνους.
1806 1973 1956 2042 οὗτος
1987 1977 2156 2033 ὃΚα-

315 2064 460 2134 βάων
487 2065 659 2136 ἐπειδὴ
686 2067 770 2120 ἐπ’
808 2067 966 2122 αὐτὸν
985 2064 1361 2139 στρατεύεσθαι
1390 2069 1683 2128 Βανδίλους
1705 2062 1924 2120 ἐπύθετο
1939 2106 1956 2131 ,
2002 2066 2154 2119 ἐποίει

431 2234 472 2276 5.
504 2231 562 2288 δή
593 2233 690 2275 Ηιιι.
750 2228 802 2276 δὲ
831 2231 926 2275 HL.
956 2246 1037 2276 om.
1067 2232 1118 2275 P.
1243 2232 1350 2275 ibid.
1379 2227 1791 2290 μεταβαλλομένοις
1817 2230 1871 2276 L.
1927 2233 2155 2286 μεταλαμ-

431 2289 705 2348 βανομένοις
734 2291 783 2333 Ρ.
929 2293 971 2334 6.
1001 2290 1078 2345 δὲ]
1113 2286 1165 2335 δέ
1194 2289 1241 2334 οἱ
1268 2290 1368 2333 Hm.
1508 2291 1556 2335 7.
1581 2289 1691 2335 οὔτε
1714 2312 1772 2321 -
1794 2285 1931 2344 οὔτε]
1965 2286 2074 2334 οὐδὲ
2097 2311 2152 2319 -

434 2345 544 2393 οὐδὲ
574 2349 626 2392 Ρ.
744 2346 814 2393 14.
841 2345 913 2403 ἓν]
946 2347 1015 2393 ἑνὶ
1045 2348 1135 2391 AL.

317 2495 440 2543 rant,
470 2505 615 2544 more,
645 2504 872 2548 corporum
901 2489 1068 2534 scilicet
1096 2489 1292 2545 laniena,
1334 2489 1414 2534 sed
1441 2486 1650 2533 mandatis
1679 2487 1910 2533 honoribus
1939 2502 1991 2532 ac
2019 2487 2154 2546 magi·-

316 2549 554 2603 stratibus,
600 2549 823 2605 effusaque
861 2547 1096 2604 largitione
1134 2547 1421 2600 sollicitabat,
1459 2546 1626 2590 minime
1653 2560 1700 2590 se
1731 2560 1854 2589 nosse
1883 2546 2081 2589 simulans
2110 2546 2154 2588 in

317 2606 542 2663 proposito
573 2606 843 2657 obfirmatos,
889 2604 1135 2662 quicunque
1175 2610 1332 2648 essent.
1392 2605 1443 2648 Si
1472 2617 1580 2661 quos
1609 2603 1775 2660 magnis
1807 2604 2055 2647 criminibus
2085 2603 2156 2646 vel

317 2663 540 2706 voluntate
569 2665 639 2706 vel
669 2677 773 2706 casu
807 2664 1013 2706 obnoxios
1043 2668 1240 2717 teneret,
1271 2663 1338 2706 his
1368 2662 1620 2705 delictorum
1647 2661 1945 2718 impunitatem
1976 2661 2019 2703 in
2050 2660 2154 2703 reli-

317 2720 458 2777 gionis
488 2726 679 2763 mutatae
707 2721 940 2777 praemium
972 2722 1254 2778 proponebat.
1316 2720 1535 2776 Coniuge,
1564 2733 1645 2762 nec
1672 2732 1830 2761 marem
1861 2731 2043 2775 unquam
2073 2731 2154 2759 nec

318 2777 515 2820 feminam
560 2777 709 2829 enixa,
755 2778 983 2831 viduatus,
1025 2786 1074 2821 ut
1096 2787 1273 2833 regnum
1302 2777 1462 2835 optime
1490 2775 1736 2829 stabiliret,
1764 2776 1893 2819 missa
1922 2775 1975 2817 ad
2006 2775 2154 2817 Theo-

317 2835 510 2877 doricum
541 2836 802 2878 Gotthorum
830 2850 973 2892 regem
1012 2835 1252 2892 legatione,
1290 2834 1372 2878 sibi
1414 2847 1587 2877 uxorem
1615 2833 1815 2891 poposcit
1842 2845 2028 2874 sororem
2059 2832 2153 2874 eius

318 2891 643 2944 Amalafridam‚
675 2907 700 2935 a
729 2895 893 2935 recenti
923 2893 1006 2936 viri
1038 2894 1188 2936 funere
1217 2892 1400 2935 viduam.
1460 2893 1662 2934 Sororem
1699 2890 1772 2934 ille
1811 2889 1926 2931 misit
1956 2903 2048 2930 cum
2080 2904 2153 2931 co·
2228 2884 2254 2919 l

316 2949 468 2992 mitatu
500 2950 759 2992 Gotthorum
790 2951 901 2993 mille
927 2950 1155 3002 nobilium,
1187 2949 1260 3008 qui
1288 2950 1544 3007 stipatorum
1574 2962 1724 2991 munus
1755 2946 1945 2989 obirent:
1977 2947 2054 2988 hos
2083 2958 2154 2988 se-

317 3010 418 3048 cuta
452 3012 561 3050 ,sunt
603 3007 838 3049 ministeria
876 3023 900 3050 e
942 3008 1046 3050 viris
1086 3007 1300 3050 bellicosis
1344 3007 1522 3049 collecta
1550 3004 1606 3047 ad
1646 3004 1775 3060 quina
1804 3003 1979 3046 circiter
2009 3003 2153 3046 millia.

315 3063 459 3106 Unum
490 3063 591 3113 item
620 3079 646 3120 e
690 3063 866 3106 Siciliae
896 3064 1195 3120 promontoriis
1244 3063 1512 3120 (Lilybaeum
1547 3061 1796 3118 appellant)
1838 3060 1975 3102 sorori
2006 3060 2154 3102 Theo-

315 3120 489 3164 doricus
520 3119 711 3163 donavit.
774 3121 1059 3172 Quamobrem
1095 3135 1243 3177 regum
1281 3120 1462 3164 omnium
1501 3117 1788 3161 vandalorum
1827 3117 2153 3174 praestantissi-

316 3190 409 3220 mus
438 3177 575 3220 audiit
604 3192 655 3220 ac
685 3177 1003 3234 potentissimus
1033 3178 1378 3220 Trasamundus:
1421 3175 1646 3218 Anastasio
1677 3189 1846 3231 quoque
1889 3175 1998 3229 Aug.
2028 3187 2152 3216 carus

316 3235 362 3276 in
392 3234 541 3291 paucis
570 3235 666 3277 fuit.
726 3236 824 3277 Hoc
853 3241 1086 3290 regnante,
1117 3235 1301 3277 Vandali
1330 3233 1453 3276 clade
1482 3231 1664 3276 omnium
1692 3232 1901 3284 maxima,
1936 3244 2044 3288 quas
2073 3245 2151 3273 un-

317 3306 442 3349 quam
472 3292 763 3350 pertulerant,
793 3307 820 3335 a
847 3293 1015 3335 Mauris
1043 3291 1191 3334 affecti
1220 3296 1331 3334 sunt.

2232 3222 2254 3454 :fateat-*3*-
2235 3177 2254 3198 ι
2239 3111 2254 3160 .⁷.‹
2247 3081 2254 3093 .
2237 3036 2254 3065 :z
2239 3008 2252 3022 ι
2248 2957 2251 2967 ,

434 3377 604 3420 Mauris
642 3377 845 3434 Tripolin
873 3376 1268 3420 circumcolentibus
1309 3376 1458 3418 Cabao
1499 3374 1696 3431 quidam,
1739 3374 1807 3417 vir
1837 3387 1919 3418 usu
1947 3374 2151 3416 bellorum

316 3435 530 3479 exercitus
560 3449 612 3479 ac
651 3435 975 3487 solertissimuS,
1017 3438 1244 3491 praeerat:
1275 3435 1349 3490 qui
1378 3439 1606 3489 susceptae
1635 3436 1786 3475 contra
1813 3446 1862 3476 se
1891 3447 1917 3475 a
1946 3430 2151 3475 Vandalis
