2184 3822
211 232 214 234 ’
286 206 367 263 ‘26
1031 203 1361 257 PROCOPII

287 349 422 417 δρῶν
445 341 798 416 ἐξεργάζεσθαι
823 342 913 396 οὐκ
944 342 1006 396 ἂν
1027 341 1324 398 δύναιντο.“
1412 341 1438 396 ὃ
1461 343 1552 410 μὲν
1580 346 1745 395 ταῦτα
1773 339 1893 406 εἶπε,
1932 363 2100 412 παρα-

285 435 453 500 δηλῶν
481 428 565 496 ὥς,
611 433 653 483 εἲ
673 430 744 498 μὴ
767 425 1019 498 Καβάδην
1046 428 1286 483 ἀνέλωσιν
1297 470 1315 495 ,
1362 428 1544 482 αὐτίκα
1571 425 1845 498 πράγματα
1871 428 2101 496 Πέρσαις

283 516 467 586 περιών
490 515 704 585 παρέξει.
793 513 840 566 οἶ
881 515 934 566 δὲ
962 524 1148 568 κτεῖναι
1172 514 1336 586 ἄνδρα
1368 514 1627 582 βασιλείου
1657 515 1873 580 αἵματος
1897 511 2009 564 οὐδ’
2039 510 2095 564 ὅ-

276 606 377 662 λως
398 600 636 670 ἔγνωσαν,
684 598 799 652 ἀλλ’
842 599 894 652 ἓν
920 601 1147 674 φρουρίῳ
1175 603 1441 669 καθεῖρξαι
1474 596 1594 668 ὅπερ
1625 603 1713 667 τῆς
1737 595 1906 667 λήθης
1932 601 2095 649 καλεῖν

275 686 608 752 νενομίκασιν.
695 681 760 752 ἢν
788 680 884 753 γάρ
918 705 994 747 τις
1025 685 1254 738 ἐνταῦθα
1282 685 1556 752 ἐμβληθεὶς
1587 680 1743 754 τύχῃ,
1791 683 1882 735 οὐκ
1910 681 1980 734 ἔτι
2009 678 2136 740 νό-5
2178 741 2182 752 J

271 791 370 838 μος
408 771 552 839 σφίσι
590 765 796 837 μνήμην
831 768 988 822 αὐτοῦ
1031 767 1181 836 εἶναι,
1229 769 1360 822 ἀλλὰ
1387 766 1620 829 θάνατος
1652 773 1724 840 τῷ
1754 764 2040 834 ὥνομακότι
2064 764 2093 834 ἦ

273 855 425 923 ζημία
447 855 558 906 ἔστί
570 871 581 884 ·
629 853 707 907 διὸ
731 853 796 922 δὴ
821 856 904 906 καὶ
933 854 1025 923 τὴν
1053 856 1341 922 ἐπωνυμίαν
1366 851 1559 921 ταύτην
1582 852 1709 923 πρὸς
1729 856 1947 922 Περσῶν
1977 851 2094 904 ἕλα-

263 961 370 1008 χεν.
459 938 597 1002 ἅπαξ
621 939 676 991 δὲ
702 936 732 1007 ἦ
757 944 860 992 τῶν
879 940 1150 1009 Ἀρμενίων
1176 940 1374 1010 ἱστορία
1404 939 1530 1009 φησὶ
1559 934 1719 1005 νόμου
1743 942 1833 990 τοῦ
1863 937 1995 1007 ἀμφὶ
2020 941 2092 1009 τῷ

267 1022 438 1094 λήθης
499 1026 727 1099 φρουρίῳ
769 1022 1161 1095 παραλελύσθαι
1223 1024 1318 1092 τὴν
1361 1022 1576 1091 δύναμιν
1639 1023 1870 1093 Πέρσαις
1915 1019 2090 1095 τρόπῳ

267 1113 464 1185 τοιῷδε.
2106 1119 2161 1171 10
2175 1141 2184 1158 ·.

204 1203 243 1247 C
439 1190 679 1262 Πόλεμᾶς
713 1216 835 1248 ποτε
855 1193 1084 1264 Πέρσαις
1104 1215 1157 1247 τε
1179 1194 1262 1247 καὶ
1287 1192 1564 1265 Ἀρμενίοις
1598 1188 1879 1262 ἀκήρυκτος
1898 1190 2090 1261 γέγονεν

269 1282 338 1343 εἷς
359 1277 450 1334 δύο
484 1282 569 1332 καὶ
591 1276 865 1350 τριάκοντα
890 1279 974 1349 ε’τη
1003 1281 1083 1332 ἐπὶ
1106 1281 1405 1350 Πακουρίου
1431 1279 1523 1347 μὲν
1550 1282 1768 1349 Περσῶν
1790 1274 2089 1344 βασιλεύον-
2157 1279 2184 1346 j

267 1387 384 1432 τος,
423 1365 696 1436 Ἀρμενίων
734 1367 788 1418 δὲ
817 1362 1066 1435 Ἀρσάκου
1093 1364 1395 1436 Ἀρσακίδου
1431 1360 1634 1435 ἀνδρός.
1721 1359 1889 1434 τούτῳ
1925 1383 1977 1415 τε
2014 1367 2087 1435 τῷ

267 1451 472 1523 πολέμῳ
497 1450 826 1522 μηκυνομένῳ
864 1455 1187 1502 κεκακῶσθαι
1210 1450 1302 1517 μέν
1325 1451 1375 1511 ἒς
1408 1447 1536 1519 ἄγαν
1564 1447 1884 1519 ἀμφοτέρους
1906 1448 2103 1516 ξυνέβη.
2158 1477 2173 1491 =

268 1538 351 1588 καὶ
376 1531 722 1605 διαφερόντως
745 1533 863 1595 τούς
877 1534 1182 1605 Ἀρμενίους.
1253 1533 1463 1608 ἀπιστίᾳ
1486 1535 1542 1586 δὲ
1569 1537 1731 1604 πολλῇ
1758 1534 1807 1594 ἐς
1834 1530 2086 1602 ἀλλήλους
2100 1544 2173 1595 152

265 1617 491 1687 ἐχόμενοι
526 1617 978 1689 ἐπικηρυκεύεσθαι
1019 1619 1160 1690 παρὰ
1193 1618 1315 1681 τούς
1353 1619 1607 1680 ἐναντίους
1644 1618 1896 1689 οὐδέτεροι
1935 1615 2082 1686 εἶχον.
2154 1607 2170 1646 “⁴

265 1706 317 1757 ἓν
352 1703 519 1777 τούτῳ
559 1705 615 1757 δὲ
638 1704 848 1774 Πέρσας
870 1701 1105 1774 τετύχηκε
1138 1702 1356 1773 πόλεμον
1401 1703 1532 1775 πρὸς
1568 1703 1754 1765 ἄλλους
1783 1700 2085 1774 βαρβάρους
2146 1695 2171 1782 J

258 1790 400 1852 τινὰς
425 1789 483 1843 οὗ
509 1787 685 1860 πόρρω
710 1790 978 1861 Ἀρμενίων
1009 1791 1351 1863 διῳκημένους
1389 1791 1659 1857 διενεγκεῖν.
1751 1790 1803 1841 οἵ
1819 1810 1870 1841 τε
1902 1788 2081 1858 Ἀρμέ-
2166 1799 2169 1818 ⁴

255 1897 368 1940 νιοι,
398 1875 449 1928 ἐν
472 1877 670 1946 σπουδῇ
696 1874 891 1942 ἔχοντες
915 1876 1145 1938 ἐπίδειξιν
1169 1876 1220 1937 ἐς
1245 1876 1456 1947 Πέρσας
1481 1880 1574 1943 τῆς
1597 1875 1647 1936 ἒς
1671 1873 1858 1935 αὐτοὺς
1884 1873 2081 1936 εὐνοίας

187 1976 226 2018 D
257 1982 309 2012 τε
335 1962 418 2012 καὶ
444 1957 644 2028 εἰρήνης
667 1957 1006 2027 ποιήσασθαι,
1039 1961 1270 2029 ἐσβαλεῖν
1296 1962 1347 2023 ἐς
1365 1957 1562 2014 τούτων
1581 1960 1644 2027 δὴ
1670 1964 1771 2012 τῶν
1797 1956 2077 2030 βαρβάρων
2092 1963 2166 2038 2t13'

253 2044 348 2112 τὴν
368 2050 461 2114 γῆν
483 2043 721 2113 ἔγνωσαν,
761 2043 1082 2114 δηλώσαντες
1105 2051 1256 2099 τοῦτο
1281 2043 1526 2117 πρότερον
1547 2045 1790 2115 Πέρσαις.
1879 2044 2077 2115 ἀπροσ-
2147 2027 2166 2066 ²²

252 2127 464 2200 δόκητοί
482 2150 534 2184 τε
564 2129 712 2184 αὐτοὶ
740 2128 1054 2195 ἐπιπεσόντες
1081 2128 1261 2200 σχεδόν
1285 2152 1333 2185 τι
1356 2129 1585 2194 ἅπαντας
1611 2128 1808 2200 ἡβηδὸν
1836 2128 2071 2185 ἔκτειναν.

364 2309 434 2355 16.
468 2305 621 2365 παρὰ]
656 2307 762 2363 περὶ
790 2308 886 2352 HL.
1001 2310 1071 2354 17.
1098 2307 1249 2367 τούτῳ
1282 2306 1332 2354 δὲ
1362 2312 1414 2355 Α.
1470 2309 1587 2369 ’τῷδε
1615 2310 1663 2354 P.

249 2465 431 2518 rissimi,
475 2465 851 2519 cataphractorum
890 2465 1074 2509 militum
1111 2480 1182 2509 xx.
1223 2466 1363 2509 millia
1399 2479 1484 2507 non
1522 2465 1748 2519 sufficient.
1818 2463 1941 2507 Haec
1984 2463 2070 2514 ille,
2139 2467 2152 2520 J.

252 2523 403 2580 quibus
432 2523 637 2564 innuebat
664 2522 895 2574 Cabadem,
924 2522 1007 2565 nisi
1035 2522 1256 2566 tolleretur
1285 2539 1310 2566 e
1338 2522 1490 2573 medio,
1530 2522 1747 2578 negotium
1775 2520 1919 2563 Persis
1948 2521 2071 2564 brevi

250 2579 548 2622 exhibiturum.
607 2579 875 2621 Abhorruere
911 2585 1052 2623 tamen
1095 2595 1240 2623 eorum
1286 2579 1412 2623 animi
1441 2581 1496 2622 ab
1525 2578 1778 2621 effundendo
1823 2579 1940 2633 regio
1970 2592 2070 2621 san-
2131 2575 2158 2627 „⁶-

251 2636 404 2691 guine,
434 2635 622 2691 satisque
652 2636 890 2678 habuerunt
918 2651 1142 2680 asservare
1173 2637 1386 2681 Cabadem
1414 2636 1459 2678 in
1489 2636 1664 2679 castello
1695 2634 1963 2688 oblivionis,
2004 2635 2068 2679 ita
2137 2648 2143 2682 ἴ

249 2693 365 2736 dicto
399 2707 452 2734 ex
480 2693 590 2748 lege,
619 2706 727 2747 quae
756 2692 810 2734 de
838 2708 913 2747 eo,
943 2694 1014 2750 qui
1045 2693 1179 2738 fuerit
1206 2694 1306 2737 illuc
1333 2693 1575 2745 coniectus,
1606 2692 1856 2735 mentionem
1885 2706 2066 2748 unquam

247 2749 346 2793 fieri
373 2754 521 2802 vetat,
557 2763 699 2805 poena
726 2749 852 2791 etiam
881 2751 1053 2807 capitali
1083 2752 1137 2793 iis
1166 2750 1408 2808 proposita,
1450 2749 1522 2807 qui
1562 2750 1575 2791 i
1611 2749 1700 2791 sius
1737 2763 1885 2792 nomen
1915 2755 2066 2806 protu-
2127 2783 2130 2786 .

247 2807 390 2850 lerint.
447 2807 570 2857 Quae
597 2819 724 2848 causa
753 2807 834 2848 fuit
862 2807 1158 2863 appellationis
1185 2807 1401 2852 eiusmodi.
1460 2810 1585 2851 Seme
1631 2813 1770 2849 autem
1799 2806 1910 2863 legi,
1953 2821 2065 2862 quae

246 2870 313 2907 est
341 2864 396 2906 de
425 2863 613 2906 Castello
644 2862 908 2915 oblivionis,
951 2865 1202 2921 abrogatam
1230 2866 1313 2908 vim
1341 2865 1567 2920 datumque
1595 2865 1876 2907 laxamentum
1914 2864 2061 2918 fuisse,
2128 2885 2133 2893 ·

245 2920 534 2965 Armeniorum
560 2926 827 2963 monumenta
855 2920 980 2964 fidem
1007 2922 1186 2967 faciunt.
1242 2923 1331 2966 Res
1356 2921 1421 2965 ita
1447 2921 1642 2977 contigit.
2124 2943 2152 2976 [θ

353 2977 499 3020 Persis
548 2976 773 3033 aliquando
825 2978 979 3021 bellum
1028 2979 1114 3021 fuit
1151 2994 1242 3022 cum
1281 2977 1474 3023 Armeuis
1512 2977 1770 3034 inexpiabile
1807 2992 1885 3034 per
1927 2992 2060 3021 annos
2129 3000 2149 3048 3

239 3048 379 3078 xxxn.
423 3034 658 3090 imperante
695 3034 782 3076 illis
823 3034 1028 3086 Pacurio,
1070 3037 1136 3078 his
1167 3040 1329 3082 Arsace
1361 3050 1413 3080 ex
1441 3050 1599 3091 genere
1629 3034 1939 3079 Arsacidarum.
1998 3035 2060 3078 Et

239 3091 434 3148 graviter
471 3090 642 3147 quidem
679 3097 911 3148 utrosque,
951 3094 1029 3135 sed
1068 3094 1270 3136 Armenos
1298 3093 1340 3136 in
1370 3091 1515 3148 primis
1543 3092 1762 3135 afflixerat
1796 3092 1948 3134 bellum
1979 3092 2058 3134 im-
2126 3093 2130 3130 ἶ

238 3148 393 3206 pendio
425 3148 679 3191 diuturnius.
736 3149 803 3191 Eo
836 3155 1103 3204 processerat
1130 3156 1274 3194 mutua
1303 3149 1567 3200 diffidentia,
1601 3154 1651 3192 ut
1678 3150 1819 3191 neutri
1843 3149 2056 3205 integrum
2109 3139 2138 3161 ¹

238 3205 322 3250 sibi
358 3218 453 3248 esse
492 3209 694 3261 putarent
731 3205 1030 3249 caduceatores
1068 3207 1248 3250 mittere.
1304 3206 1478 3250 Interim
1517 3207 1630 3249 forte
1670 3205 1828 3250 accidit
1869 3213 1919 3250 ut
1962 3221 2056 3249 cum

237 3263 333 3306 aliis
361 3262 566 3306 Barbaris
596 3262 818 3305 Armeniae
847 3263 1002 3306 accolis
1033 3264 1183 3307 bellum
1222 3265 1382 3307 Persae
1417 3263 1696 3319 susceperint.
1756 3263 1840 3305 Hic
1885 3263 2055 3306 Armeni
2113 3299 2128 3322 j

235 3335 318 3376 quo
348 3333 464 3363 suam
492 3319 537 3362 in
566 3319 722 3361 Persas
753 3320 1107 3372 benevolentiam,
1150 3325 1194 3363 et
1222 3322 1342 3377 pacis
1371 3335 1466 3364 cum
1493 3319 1600 3376 ipsis
1638 3321 1842 3364 colendae
1871 3321 2054 3364 studium
2118 3314 2140 3370 ι’

237 3377 528 3428 declararent,
569 3375 614 3418 in
651 3376 939 3420 Barbarorum
977 3378 1140 3421 illorum
1180 3378 1284 3420 fines
1322 3391 1596 3434 prorumpere
1635 3382 1887 3420 statuerunt.
1947 3378 2052 3420 Cum
2114 3375 2131 3426 J

236 3440 379 3477 autem
405 3435 460 3477 de
486 3447 562 3476 suo
591 3433 768 3476 consilio
797 3434 1001 3478 certiores
1030 3436 1184 3479 Persas
1211 3435 1440 3485 fecissent,
1485 3434 1716 3491 improviso
1756 3435 1913 3491 impetu
1940 3436 2053 3478 Bar·
2117 3440 2131 3487 τῇ·

238 3492 365 3535 batos
405 3493 498 3535 sine
536 3489 620 3534 ullo
655 3491 808 3535 aetatis
857 3491 1098 3537 discrimine
1138 3491 1194 3538 ad
1233 3491 1562 3536 internecionem
1611 3506 1747 3549 prope
1790 3492 2050 3537 ceciderunt.
2115 3519 2121 3534 .=
