2254 3814
305 112 427 167 520
1061 109 1398 165 PROCOPII

125 243 168 286 Η
199 242 280 287 159
475 250 558 308 Ἐν
579 248 747 325 τούτῳ
771 250 827 304 δὲ
849 255 900 303 Γ
895 245 1112 322 όνθαρις
1126 247 1449 321 Ἀρεόβινδον
1470 250 1522 313 ἐς
1543 250 1665 314 τοὺς
1691 247 2010 322 στρατιώτας
2032 251 2134 307 διέ-

303 342 491 407 βαλλεν
504 378 522 405 ,
570 335 638 399 ὥς
664 332 918 406 ἄνανδρός
949 356 1003 389 τε
1042 335 1119 404 εἴη
1145 337 1229 388 καὶ
1259 333 1367 403 ἅμα
1392 337 1485 404 μὲν
1522 335 1620 389 δέει
1645 337 1695 398 ἔς
1724 337 1846 399 τοὺς
1869 339 2137 405 πολεμίους

303 420 569 492 ἐχόμενος,
616 418 726 487 ἅμα
752 421 809 473 δὲ
841 421 934 482 τὰς
974 418 1235 483 συντάξεις
1266 421 1438 488 σφίσιν
1465 418 1534 483 ὥς
1568 419 1752 490 ἣκιστα
1782 421 1974 475 ἐθέλων
1994 420 2137 476 διδό-

303 529 414 573 ναι,
460 502 692 577 δρασμόν
717 525 770 558 τε
794 505 883 568 ξὺν
901 504 1201 580 Ἀθανασίῳ
1227 503 1542 572 βουλεύεται,
1588 508 1674 559 καὶ
1697 505 1879 560 αὐτίκα
1901 508 1954 559 ἐκ
1975 511 2136 560 Μαν-

305 592 517 662 δρακίου
559 589 800 643 ἀποπλεῖν
838 590 1142 658 μέλλουσιν,
1201 588 1339 652 ὅπως
1382 590 1431 644 οἱ
1471 596 1782 659 στρατιῶται
1818 597 1950 665 λιμῷ
1975 613 2029 645 τε
2051 594 2176 647 καὶὸ

301 677 664 747 Μαυρουσίοις
711 676 1114 746 διαφθείρωνται
1164 672 1469 743 μαχόμενοι,
1539 673 1854 730 ἐπυνθάνετό
1897 698 1950 729 τε
1999 677 2137 749 εἴπερ

302 761 479 823 αὐτοῖς
504 759 835 827 βουλομένοις
857 759 931 828 εἴη
958 759 1116 831 ἄμφω
1144 763 1484 827 ξυλλαβοῢσιν
1510 760 1563 813 ἓν
1587 766 1792 832 φυλακῇ
1814 760 1954 829 ἔχειν.
2001 759 2139 816 οὕτω

300 846 398 916 γὰρ
430 845 602 915 ’ἤλπιζε
628 845 718 899 τὸν
738 842 1057 915 Ἀρεόβινδον
1085 844 1118 915 ἢ
1144 850 1235 899 τοῦ
1265 841 1503 916 θορύβου
1529 845 1826 916 ᾐσθημένον
1849 851 1986 918 φυγῇ
2006 845 2140 918 χρή-

303 936 490 985 σεσθαι
504 972 520 996 ,
566 929 598 999 ’ἢ
624 930 1026 999 καταληφθέντα
1047 930 1176 1002 πρὸς
1198 935 1301 984 τῶν
1322 936 1651 1000 στρατιωτῶν
1674 930 2137 1003 διαφθαρήσεσθαι

231 1018 270 1061 C
302 1016 467 1071 οὐδενὶ
504 1013 654 1088 λόγῳ.
736 1013 981 1086 χρήματα
1013 1017 1107 1084 μὲν
1157 1015 1314 1078 αὐτὸς
1363 1013 1606 1086 ὡμολόγει
1649 1026 1758 1080 τοῖς
1795 1015 2132 1086 στρατιώταις
2152 1028 2206 1071 10

299 1106 575 1172 προΐεσθαι
598 1098 788 1171 ὅσαπερ
817 1099 992 1163 αὐτοῖς
1016 1101 1075 1154 τὸ
1106 1098 1352 1170 δημόσιον
1380 1095 1534 1171 ὦφλε.
1623 1104 1708 1155 καὶ
1747 1103 1794 1155 οἱ
1815 1103 1908 1169 μὲν
1937 1099 2058 1164 τούς
2083 1124 2136 1156 τε

300 1185 482 1256 λόγους
523 1185 808 1253 ἐνεδέχοντο
826 1226 842 1250 ,
894 1184 1086 1253 μεταξῧ
1115 1186 1172 1238 δὲ
1204 1182 1526 1257 Ἀρεόβινδος
1553 1182 1642 1249 ξύν
1665 1208 1719 1240 τε
1733 1184 2025 1259 Ἀρταβάνῃ
2053 1189 2138 1240 καὶ

299 1280 409 1334 τοῖς
452 1268 712 1338 ἑπομένοις
747 1271 979 1323 ἐνταῦθα
1019 1270 1245 1341 ἀφίκετο.
1334 1272 1420 1323 καὶ
1453 1272 1643 1340 γίνεται
1682 1268 1822 1340 μάχη
1860 1270 1912 1325 ἕν
1945 1293 1999 1326 τε
2024 1281 2138 1335 ταῖς

299 1354 534 1418 ἐπάλξεσι
561 1356 645 1408 καὶ
683 1351 822 1408 κάτω
852 1354 986 1426 ἀμφὶ
1018 1355 1112 1417 τὰς
1150 1352 1315 1417 πύλας
1334 1395 1351 1421 ,
1400 1348 1461 1408 οὗ
1485 1360 1537 1409 Γ
1533 1353 1749 1427 όνθαρις
1785 1353 1996 1425 εἱστήκει
2018 1398 2036 1424 ,
2082 1359 2136 1411 ἓν

297 1434 335 1513 ’ᾗ
374 1439 631 1511 οὐδέτεροι
666 1439 726 1493 τὸ
764 1438 982 1494 ἔλασσον
1022 1438 1187 1509 ἴσχον.
1274 1438 1482 1508 ἔμελλόν
1503 1462 1557 1495 τε
1579 1438 1926 1511 ξυλλεγόμενοι
1949 1443 2003 1495 ἐκ
2030 1448 2133 1497 τῶν
2151 1461 2203 1504 15

299 1526 681 1596 στρατοπέδων,
730 1522 842 1579 ὅσοι
864 1531 1072 1592 βασιλεῖ
1088 1525 1324 1588 εὐνοϊκῶς
1345 1523 1499 1594 εἶχον,
1546 1527 1668 1589 τοὺς
1690 1525 1979 1590 στασιώτας
2002 1529 2135 1582 κατὰ

298 1608 484 1683 κράτος
511 1608 654 1664 ἑλεῖν.
721 1609 782 1663 οὗ
810 1610 907 1682 γὰρ
937 1609 1168 1673 ἅπαντας
1193 1609 1220 1664 ὅ
1252 1615 1302 1663 Γ
1297 1609 1513 1683 όνθαρίς
1537 1634 1616 1666 πω
1643 1610 1969 1683 ἔξηπατήκει,
2012 1613 2131 1667 ἀλλ’

301 1697 352 1750 οἳ
376 1700 602 1749 πλεῖστοι
639 1693 711 1748 ἔτι
739 1704 853 1758 ταῖς
889 1693 1115 1766 γνώμαις
1150 1695 1444 1768 ἀκραιφνεῖς
1468 1696 1659 1764 έμενον.
1733 1696 2051 1767 Ἀρεόβινδος
2080 1700 2136 1752 δὲ

302 1778 417 1836 τότε
459 1785 664 1851 πρῶτον
706 1779 900 1851 ἄνδρας
939 1781 1284 1849 κτεινομένους
1322 1782 1446 1835 ἰδών
1501 1783 1598 1853 (οὗ
1633 1779 1729 1853 γάρ
1764 1805 1844 1837 πω
1875 1783 2003 1847 ἐθὰς
2041 1790 2134 1838 τοῦ

239 1874 279 1917 D
308 1863 574 1935 θεάματος
599 1861 784 1919 τούτου
824 1863 1088 1937 ἐτύγχανεν
1114 1866 1222 1936 ὢν)
1257 1865 1545 1938 κατεπλάγη
1567 1889 1621 1921 τε
1647 1870 1731 1921 καὶ
1756 1866 2131 1935 ἀποδειλιάσας,
2147 1888 2203 1931 20

307 1952 401 2006 οὐκ
430 1947 640 2021 ἕνεγκών
665 1958 718 2004 τε
750 1950 815 2004 τὰ
859 1949 1092 2022 δρώμενα
1119 1950 1303 2022 φεύγει.
1392 1950 1498 2005 ἔστι
1534 1953 1595 2006 δέ
1611 1974 1686 2016 τις
1711 1953 1852 2016 ἐντὸς
1873 1959 1966 2007 τοῦ
1992 1977 2135 2024 περι-

302 2034 461 2104 βόλου
486 2032 828 2107 Καρχηδόνος
854 2037 978 2100 νεὼς
999 2037 1128 2109 πρὸς
1153 2042 1218 2110 τῇ
1242 2042 1336 2106 τῆς
1358 2035 1633 2108 θαλάσσης
1652 2037 1784 2111 ἀκτῇ
1798 2079 1815 2105 ,
1861 2032 1923 2093 οὗ
1951 2040 2014 2108 δὴ
2041 2040 2134 2094 ἄν·

415 2245 486 2291 12.
519 2241 779 2299 ἐνεδέχοντο
810 2244 861 2287 L.
919 2239 1188 2301 α’νεδέχοντο
1219 2245 1270 2289 Ρ.
1419 2247 1491 2292 16.
1522 2242 1810 2303 στασιώτας]
1851 2244 2132 2304 στρατιώτας

413 2302 547 2346 AHL.
606 2302 732 2346 Conf.
762 2301 816 2345 ad
846 2316 891 2360 p.
920 2304 1006 2347 273
1024 2303 1066 2346 b.
1182 2305 1253 2349 18.
1283 2300 1352 2364 ἔτι
1379 2317 1462 2350 om.
1490 2303 1541 2348 L.

414 2471 534 2517 Inter
562 2473 667 2517 haec
695 2487 782 2516 non
811 2475 1012 2518 cessabat
1040 2474 1277 2519 Gontharis
1307 2474 1588 2519 Areobindum
1617 2473 1845 2519 traducere
1873 2477 1987 2534 apud
2019 2477 2130 2521 mili-

300 2535 397 2583 tes,
427 2538 472 2573 et
499 2531 744 2574 insimulare
773 2531 999 2588 ignaviae,
1030 2547 1082 2576 ac
1110 2533 1339 2585 dictitare,
1368 2547 1460 2576 eum
1495 2532 1677 2575 hostium
1704 2533 1891 2576 adventu
1920 2535 2129 2587 territum,

300 2587 601 2644 incensumque
629 2588 867 2644 cupiditate
895 2589 1111 2646 stipendia
1140 2589 1377 2643 retinendi,
1417 2589 1555 2633 moliri
1583 2590 1727 2646 sugam
1757 2605 1851 2633 cum
1879 2591 2130 2647 Athanasio,

301 2646 448 2686 ambos
478 2645 781 2702 quamprimum
814 2661 839 2688 e
867 2656 991 2703 portu
1023 2647 1271 2691 Mandracio
1300 2648 1542 2699 soluturos,
1587 2653 1638 2689 ut
1665 2647 1819 2690 milites
1847 2661 1940 2691 cum
1969 2648 2132 2692 Mauris

302 2706 348 2743 et
377 2702 489 2743 fame
519 2709 758 2759 pugnantes
787 2705 932 2759 perire
960 2704 1163 2749 sinerent.
1223 2704 1414 2761 Rogavit
1441 2703 1594 2757 etiam,
1635 2705 1880 2761 placeretne
1909 2711 2131 2762 utrumque

300 2760 690 2814 comprehendere,
732 2763 776 2802 et
807 2760 980 2804 tradere
1008 2762 1051 2803 in
1080 2762 1349 2806 custodiam?
1390 2762 1490 2812 Qua
1517 2761 1682 2805 ratione
1711 2762 1867 2805 factum
1897 2762 1951 2805 iri
1979 2776 2130 2819 spera-

300 2815 403 2867 bat,
446 2821 495 2858 ut
531 2816 797 2859 Areobindus
834 2818 905 2860 vel
948 2819 1127 2862 tumultu
1169 2818 1315 2863 audito
1360 2819 1561 2875 fugeret,
1595 2819 1664 2862 vel
1692 2833 1719 2862 a
1747 2818 1947 2863 militibus
1978 2828 2128 2877 captus

298 2877 461 2915 temere
502 2873 789 2918 occideretur.
848 2875 1075 2918 Caeterum
1118 2876 1382 2934 recipiebat,
1425 2889 1474 2919 se
1502 2876 1666 2928 omnia,
1695 2891 1974 2933 quaecuuque
2003 2891 2130 2920 aera-

298 2928 406 2972 rium
435 2929 542 2986 ipsis
571 2931 764 2984 deberet,
790 2931 1007 2988 stipendia
1035 2933 1288 2977 soluturum.
1346 2933 1454 2975 Dum
1479 2933 1543 2976 illi
1566 2932 1683 2977 dicta
1704 2935 1994 2990 comprobant,
2025 2949 2127 2978 ecce

299 2985 427 3029 adest
455 3001 545 3030 cum
577 2988 795 3031 Artabane
824 3002 1079 3046 suorumque
1107 2991 1273 3047 agmine
1301 2989 1596 3034 Areobindus=
1639 2991 1695 3034 ad
1724 3004 1930 3033 murorum
1960 2990 2126 3046 pinnas,

303 3047 349 3086 et
387 3042 524 3099 infra,
567 3043 621 3088 ad
659 3050 850 3101 portam,
902 3061 1031 3102 quam
1077 3049 1307 3091 obsederat
1342 3048 1606 3100 Gontharis,
1648 3061 1793 3103 pugna
1835 3049 2127 3092 committitur.

301 3099 473 3144 Neutro
514 3101 811 3158 propendebat
851 3102 1056 3156 victoria;
1098 3105 1267 3159 iamque
1305 3121 1329 3148 e
1370 3103 1522 3147 castris
1565 3105 1852 3156 confluentes,
1882 3105 2126 3161 quicunque

300 3156 553 3213 Imperatori
584 3159 827 3212 studebant,
857 3174 1104 3216 expugnare
1129 3162 1357 3205 seditiosos
1386 3162 1596 3219 parabant
1625 3161 1832 3216 (nondum
1862 3163 1970 3205 enim
2001 3163 2126 3205 Gon-

300 3214 437 3257 tharis
467 3215 645 3259 omnium
675 3216 835 3258 animos
865 3231 1009 3260 errore
1038 3224 1337 3274 perverterat3
1367 3218 1444 3262 sed
1473 3225 1612 3261 mente
1642 3218 1784 3261 adhuc
1824 3218 1996 3276 integra
2020 3219 2124 3261 soli-

299 3271 438 3327 daque
467 3272 665 3330 plerique
693 3274 897 3329 stabant)
947 3289 1038 3317 cum
1069 3275 1359 3330 Areobindnus,
1400 3281 1485 3318 tum
1517 3275 1693 3331 primum
1723 3276 1818 3318 fieri
1847 3277 2017 3319 caedem
2047 3278 2124 3319 ho-

300 3327 454 3371 minum
484 3329 662 3382 videns,
691 3330 870 3373 necdum
899 3332 1155 3388 spectaculis
1185 3331 1393 3375 eiusmodi
1422 3340 1630 3384 assuetus,
1660 3334 1855 3389 expavit,
1884 3334 2125 3390 trepidans-

298 3399 398 3441 que,
429 3400 508 3430 nec
537 3387 639 3432 talia
667 3387 822 3432 intueri
851 3389 1083 3443 sustinens,
1112 3403 1160 3432 se
1189 3389 1234 3432 in
1263 3391 1406 3446 fugam
1434 3389 1568 3433 dedit.
1627 3390 1747 3435 Intra
1770 3405 1912 3435 muros
1940 3392 2124 3435 Cartha-
