2098 3874
226 252 322 289 xlv
863 235 958 288 CL.
1001 233 1347 287 MALTRETI

228 389 443 437 Historia
483 388 734 436 Bellorum
772 387 955 434 Graece
992 385 1148 435 edidit
1182 386 1426 450 Augustae
1461 383 1860 446 vindelicorum,
1909 402 2036 432 anno

230 473 414 520 Christi
454 477 603 526 1607.
676 470 866 518 Exinde
911 470 966 516 in
1014 471 1270 537 scriptoris
1303 468 1449 517 huius
1485 469 1782 534 Interpretes
1816 469 2037 518 virorum

228 557 536 605 eruditorum
594 555 793 619 querela
854 554 1114 605 increbuit.
1219 556 1343 604 Nam
1401 554 1630 602 versione
1683 570 1796 601 cum
1851 554 2038 602 Graeco

225 649 368 688 textu
417 641 619 700 collata,
680 639 1018 687 incredibilem
1053 640 1426 705 perversitatem
1460 637 1721 700 videbant,
1783 637 2041 686 dolebant-

224 741 318 787 que
367 724 500 787 quod
544 723 762 773 Historia
809 723 1113 773 nobilissima
1161 730 1260 770 tam
1305 723 1432 771 male
1477 722 1531 770 in
1565 721 1707 770 Italia
1742 722 1917 771 fuisset
1950 722 2039 771 ha-

221 809 351 868 bita,
399 807 487 855 ubi
532 806 650 855 olim
699 808 854 872 ipsius
905 817 1047 874 pater
1095 807 1221 855 nihil
1267 807 1432 855 damni
1481 825 1509 854 a
1546 805 1770 869 Gotthis,
1829 808 2038 871 quanvis

221 891 473 952 hostibus,
525 892 808 958 accepisset.
882 893 1134 959 Optabant
1167 909 1286 941 vero
1322 900 1380 939 ut
1413 890 1598 955 ingenii
1631 891 2041 956 praestantissimi

221 976 413 1024 soboles
455 977 738 1026 conditione
786 995 933 1043 quam
978 978 1086 1026 fieri
1136 984 1303 1042 posset
1350 975 1532 1040 optima
1567 975 1710 1024 Latio
1754 976 2039 1026 donaretur.

220 1062 438 1110 Instante
473 1060 680 1126 Iosepho
717 1062 990 1126 Scaligero,
1027 1062 1082 1110 id
1116 1061 1330 1111 tentavit
1363 1061 1710 1109 Bonaventura
1746 1059 2038 1110 Vulcanius:

221 1147 397 1196 deinde
431 1147 662 1212 incoepto
700 1146 914 1206 destitit,
968 1147 1103 1195 senio
1141 1148 1415 1204 confectus.
1488 1145 1748 1209 Negotium
1782 1144 1837 1192 in
1872 1161 1925 1192 se
1957 1145 2041 1192 ul-

222 1239 302 1280 tro
337 1239 586 1297 receperat
620 1230 794 1278 Daniel
827 1230 1089 1292 Heinsius,
1132 1238 1241 1279 tum
1274 1230 1493 1292 iuvenis,
1536 1229 1591 1277 in
1628 1246 1726 1294 quo
1765 1229 2036 1293 diligentia,

222 1317 466 1380 Scaligero
501 1306 652 1378 teste,
701 1331 814 1362 cum
861 1316 1137 1364 eruditione
1174 1314 1403 1364 certabat.
1472 1313 1538 1362 At
1570 1313 1714 1362 illum
1750 1313 1845 1361 alia
1878 1313 2040 1362 studia

221 1401 294 1448 sic
344 1407 652 1462 averterunt,
711 1407 770 1447 ut
811 1399 1042 1464 promissi
1090 1416 1267 1447 munus
1310 1398 1445 1447 haud
1498 1399 1844 1464 comparuerit.
1937 1398 2038 1446 Nec

219 1491 389 1550 postea
436 1483 642 1531 extitere
687 1482 807 1531 libri
850 1490 1065 1546 quatuor
1111 1483 1172 1531 de
1215 1483 1353 1531 Bello
1406 1482 1663 1544 G'ottbico,
1724 1482 1784 1530 ab
1829 1481 2039 1546 Hugone

222 1567 426 1626 Grotio‚
473 1573 533 1613 ut
581 1568 710 1614 fama
757 1573 888 1628 erat,
933 1566 989 1614 in
1032 1565 1263 1614 Latinum
1316 1565 1566 1614 conversi:
1626 1582 1749 1631 quos
1785 1583 2037 1631 nunquam

210 1653 437 1718 profecto
472 1650 594 1700 vidi.
668 1650 792 1698 Cum
825 1649 980 1714 igitur
1013 1649 1277 1716 provincia
1313 1650 1373 1697 ab
1413 1649 1638 1698 omnibus
1673 1650 1847 1698 relicta
1880 1667 2037 1700 vacua

213 1736 494 1798 videretur,
531 1751 637 1783 eam
672 1750 760 1798 ego
797 1735 1017 1801 suscepi,
1051 1735 1114 1783 iis
1151 1733 1464 1796 auctoribus,
1500 1733 1673 1797 quibus
1707 1733 1837 1782 nihil
1860 1751 2036 1799 negare

212 1829 452 1888 poteram.
522 1819 711 1885 Excepi
744 1826 909 1868 tamen
944 1818 1227 1869 Anecdotaz
1275 1825 1539 1884 propterea
1574 1817 1711 1881 quod
1744 1818 1879 1867 illam
1913 1837 2036 1885 par-

212 1915 314 1955 tem
358 1904 521 1954 Nicol.
555 1905 855 1952 Alemannus
896 1903 997 1952 iam
1042 1903 1254 1954 feliciter
1300 1910 1640 1967 occupaverat.
1711 1902 1856 1951 Nunc
1890 1912 2035 1954 tuum

214 1999 313 2054 est,
365 1990 585 2051 Laeron,
639 1989 922 2055 explorare,
971 1989 1014 2038 si
1050 1997 1196 2038 vacat
1229 2005 1287 2036 ac
1321 1988 1483 2050 lubet,
1531 2003 1630 2052 qua
1663 2001 1769 2038 rem
1803 1987 2034 2052 gesserim

207 2076 321 2125 fide.
406 2075 465 2123 In
511 2074 685 2140 primis
735 2074 853 2124 vide
895 2090 1018 2122 num
1065 2082 1230 2122 actum
1280 2072 1475 2138 egerim.
1549 2071 1696 2133 Quod
1742 2079 1803 2121 ut
1847 2073 2032 2122 minori

215 2178 331 2209 cum
364 2159 530 2209 taedio
565 2160 773 2223 faceres,
810 2157 1070 2209 eonstlium
1105 2166 1304 2208 secutus
1341 2175 1448 2207 sum
1482 2157 1803 2207 eruditissimi
1837 2158 1891 2209 P.
1913 2157 2031 2207 Phi-

213 2246 344 2312 lippi
378 2244 571 2308 Labbe,
620 2244 717 2294 viri
755 2244 815 2292 de
851 2261 931 2294 me
966 2244 1151 2311 optime
1195 2243 1380 2293 meriti.¹
1440 2242 1686 2292 Nimirum
1719 2243 1874 2293 libros
1908 2261 2030 2309 par-

211 2332 334 2379 titus
369 2330 424 2377 in
461 2329 654 2394 capita,
703 2346 848 2377 suum
886 2329 1063 2394 cuique
1112 2334 1454 2393 argumentum
1491 2329 1665 2393 paucis
1700 2327 2030 2394 comprehen-

213 2433 324 2464 sum
358 2416 565 2482 praefixi
576 2433 590 2478 ;
637 2422 692 2463 ut
726 2415 821 2477 ibi,
868 2414 1079 2463 lectione
1109 2415 1292 2475 fessus,
1335 2420 1570 2477 tanquam
1607 2413 1670 2460 ad
1709 2412 1862 2463 viales
1897 2413 2027 2478 lapi-

213 2501 299 2548 des
338 2501 503 2550 sedeas
540 2518 596 2548 ac
629 2499 857 2565 respires.
927 2500 1148 2547 Lacunas
1182 2499 1236 2546 in
1270 2496 1366 2546 hoc
1400 2498 1552 2545 Tomo
1575 2497 1798 2547 invenies
1825 2498 2025 2546 omnino

211 2585 335 2633 duas
372 2592 456 2633 aut
489 2593 616 2646 tres,
654 2601 829 2649 easque
863 2592 963 2634 tam
998 2585 1195 2647 breves,
1233 2590 1291 2632 ut
1324 2582 1556 2631 facillime
1588 2590 1637 2630 et
1661 2581 1866 2630 minimo
1889 2581 2026 2647 quasi

211 2670 344 2717 saltu
388 2669 654 2718 transmitti
699 2677 894 2734 queant.
966 2670 1062 2718 Tot
1103 2685 1222 2718 vero
1257 2674 1513 2732 tantasque
1548 2667 1696 2716 habet
1731 2667 1880 2716 editio
1915 2667 2024 2716 Au-

212 2761 444 2818 gustana,
493 2761 555 2801 ut
600 2753 654 2801 in
697 2771 854 2802 unum
902 2754 1160 2817 collectae,
1211 2751 1462 2801 dimidiam
1507 2747 1623 2800 fere'
1646 2758 1839 2817 partem
1876 2768 2024 2802 exae-

212 2846 364 2902 quent
385 2837 530 2886 unius
549 2838 681 2887 libri.
754 2838 806 2886 Si
842 2839 1006 2904 placet
1040 2838 1137 2890 iter
1167 2838 1255 2887 hic
1287 2836 1673 2902 complanatum,
1708 2836 1869 2886 Lucae
1891 2837 2023 2886 Hol-

211 2922 354 2970 stenii
387 2925 479 2974 τοῦ
513 2923 785 2991 μακαρίτου
821 2923 1105 2974 memoriam
1139 2930 1277 2988 grato
1312 2921 1475 2970 animo
1511 2921 1634 2969 cole.
1704 2920 1844 2982 Quae
1891 2922 2021 2971 enim

203 3007 431 3071 deerant,
480 3023 537 3056 ea
576 3007 665 3056 ille
699 3024 762 3055 ex
797 3008 898 3060 MS.
939 3007 1120 3056 Codice
1154 3007 1390 3056 Vaticano
1426 3005 1677 3071 supplevit
1707 3023 1803 3072 pro
1839 3022 1929 3054 suo
1964 3005 2020 3053 in

204 3091 405 3155 literas,
454 3108 662 3156 quarum
709 3093 860 3142 decus
908 3100 1036 3155 erat,
1085 3109 1251 3141 amore
1296 3091 1527 3143 maximo,
1607 3090 1718 3139 Non
1761 3107 1922 3156 pauca
1962 3090 2019 3137 in

209 3178 398 3226 Graeco
441 3184 586 3226 textu
631 3177 851 3239 correxi,
902 3177 1084 3244 partim
1118 3177 1318 3243 propria
1353 3177 1662 3238 coniectura,
1707 3175 1889 3241 partim
1924 3190 2018 3240 ope

200 3260 265 3310 R.
301 3263 351 3310 P.
389 3262 521 3310 Petri
555 3261 774 3311 Possini:
826 3261 906 3310 cui
957 3262 1130 3324 debeo,
1176 3262 1417 3328 quidquid
1462 3260 1737 3326 discipulus
1780 3259 2016 3323 Magistro

207 3346 396 3412 optimo
439 3346 817 3410 doctissimoque
855 3346 1031 3395 debere
1064 3354 1244 3412 potest.
1312 3347 1361 3396 Is
1405 3348 1588 3395 Romae
1631 3361 1745 3393 cum
1776 3343 1877 3392 MS.
1912 3342 2016 3393 Va-

205 3431 367 3480 ticano
403 3431 657 3496 exemplar
692 3431 1027 3494 Augustanum
1043 3469 1057 3494 ,
1104 3446 1203 3497 quo
1248 3437 1482 3497 tanquam
1516 3429 1673 3479 fundo
1709 3444 1870 3477 novae
1904 3425 2016 3475 edi-

201 3515 352 3564 tionis
389 3515 590 3581 utebar,
634 3515 872 3579 contulit,
923 3523 972 3564 et
1007 3531 1128 3580 quas
1163 3517 1357 3566 notavit
1391 3515 1721 3581 discrepantes
1755 3513 2011 3572 lectiones,
