2184 3822
279 206 359 262 30
1023 206 1355 263 PROCOPII

275 346 336 400 δέ
362 367 416 416 γε
455 344 706 414 βασιλέως
761 346 1144 416 ἐπαγγείλαντος
1175 347 1370 418 γέγονεν
1414 349 1467 403 ἐν
1506 354 1581 422 τῷ
1628 345 1798 419 λήθης
1843 352 2090 424 φρουρίῳ,

273 429 544 502 ἠσπάσατο
582 433 674 500 μὲν
713 431 803 484 τὸν
847 429 1126 502 Ἀρσάκην,
1197 433 1353 506 ἄμφω
1392 436 1447 487 δὲ
1488 432 1725 504 ἀλλήλοιν
1764 434 2093 505 περιβαλόντε

206 531 244 575 c
274 515 630 588 ἐθρηνησάτην
664 537 718 569 τε
749 513 877 584 ἡδύν
913 537 1027 570 τινα
1062 523 1259 588 θρῆνον
1299 521 1381 572 καὶ
1409 518 1849 590 ἀπολοφυραμένω
1876 519 1970 589 τὴν
1991 542 2093 573 πα-

270 608 464 674 ροῦσαν
490 599 645 670 τύχην
671 597 818 668 μόλις
845 599 939 653 ἀπ’
970 600 1205 671 ἀλλήλοιν
1227 601 1450 656 διαλύειν
1475 604 1568 666 τὰς
1598 602 1756 658 αὖτοῦ
1776 613 1952 675 χεῖρας
1975 602 2092 657 ἐκά-

268 708 414 757 τερος
443 685 597 753 ἴσχεν.
667 687 768 739 ἐπεὶ
797 687 852 739 δὲ
874 691 978 740 τῶν
1005 688 1243 758 ὀδυρμῶν
1271 690 1322 750 ἐς
1342 686 1492 758 κόρον
1519 686 1757 751 ἐλθόντες
1783 688 2087 755 ἐπαύσαντο,
2105 703 2134 747 5

267 770 441 824 ἔλουσε
474 772 566 838 μὲν
606 768 914 843 ὄἈρμένιος
947 772 1037 826 τὸν
1065 771 1321 843 Ἀρσάκην
1347 776 1431 825 καὶ
1467 772 1630 826 τᾶλλα
1663 774 1722 827 οὗ
1747 774 2094 843 κατημελημέ-

266 876 367 917 νιος
414 853 693 925 ἐκόσμησε,
745 862 917 926 σχῆμα
969 860 1025 911 δὲ
1071 858 1211 931 αὐτῷ
1256 858 1585 928 περιθέμενος
1621 858 1680 911 τὸ
1716 860 1973 925 βασίλειον
2014 861 2096 911 ἐπὶ

267 937 513 1008 στιβάδος
552 941 816 996 ἀνέκλινεν.
907 941 1138 996 ἐνταῦθά
1171 964 1224 996 τε
1262 943 1382 1005 τοὺς
1422 941 1681 1014 παρόντας
1708 941 1958 1015 Ἀρσάκης
1991 950 2094 1011 βα-

270 1031 474 1088 σιλικῶς
495 1027 658 1080 εἱστία
678 1020 806 1098 ᾗπερ
836 1025 1005 1082 εἰώθει
1031 1028 1096 1080 τὰ
1118 1025 1354 1100 πρότερα.
1443 1029 1496 1082 ἐν
1515 1026 1679 1099 ταύτῃ
1703 1034 1767 1100 τῇ
1791 1031 1945 1100 θοίνῃ
1968 1035 2096 1083 πολ-

267 1113 348 1164 λοὶ
385 1113 476 1179 μὲν
502 1113 581 1164 ἐπὶ
617 1110 778 1165 κύλικι
804 1111 942 1181 λόγοι
980 1113 1294 1181 ἐλέχθησαν,
1341 1114 1480 1184 οἵπερ
1509 1113 1599 1166 τὸν
1626 1110 1880 1185 Ἀρσάκην
1910 1115 2133 1176 ἶκανῶςῙ

265 1195 512 1267 ἤρεσκον,
557 1197 724 1249 πολλὰ
763 1199 818 1250 δὲ
844 1197 974 1251 ἄλλα
1010 1200 1061 1259 ἐς
1091 1197 1246 1266 μέσον
1276 1193 1466 1267 ἦλθεν,
1514 1196 1640 1268 ἅπερ
1677 1198 1817 1271 αὐτῷ
1857 1198 1909 1252 ἐν
1935 1197 2096 1270 ἡδονῇ

266 1276 358 1351 ἦν·
414 1283 764 1351 μηκυνομένου
790 1304 843 1336 τε
877 1288 972 1336 τοῦ
995 1280 1156 1336 πότου
1191 1283 1308 1353 ἄχρι
1334 1285 1386 1345 ἐς
1411 1280 1569 1336 νύκτα
1598 1289 1662 1354 τῇ
1687 1284 1816 1355 πρὸς
1844 1282 2098 1354 ἀλλήλους

203 1379 243 1423 D
275 1365 446 1442 ὃμιλιά
470 1364 742 1438 ὖπερφυῶς
762 1366 1007 1437 ἥσθησαν
1019 1408 1037 1434 ,
1081 1365 1228 1435 μόλις
1257 1369 1313 1421 δὲ
1342 1366 1573 1437 ἀλλήλων
1603 1369 1970 1439 ἀπαλλαγέντες
1995 1373 2098 1423 διε-

269 1450 537 1520 λύθησαν,
581 1453 1034 1522 καταβεβρεγμένοι
1068 1458 1132 1524 τῇ
1170 1452 1435 1527 εὐπαθείᾳ.
1523 1450 1638 1507 τότε
1678 1454 1742 1523 δὴ
1770 1454 1970 1524 λέγουσι
2005 1454 2097 1509 τὸν
2159 1498 2162 1506 ,

260 1535 514 1607 Ἀρσάκην
539 1539 690 1590 εἰπεῖν
731 1535 801 1599 ὥς
823 1535 1017 1606 ἡμέραν
1058 1537 1152 1605 τὴν
1180 1535 1389 1606 ἦδίστην
1412 1538 1731 1605 διατελέσας,
1777 1539 1830 1592 ἐν
1857 1537 2021 1611 ταύτῃ
2042 1553 2133 1596 ‘tel

268 1618 623 1691 ξυγγενόμενος
655 1627 729 1695 τῷ
768 1618 1120 1694 ποθεινοτάτῳ
1160 1619 1455 1694 ἀνθρώπων
1489 1619 1729 1678 ἁπάντων
1738 1664 1756 1691 ,
1805 1623 1899 1678 οὐκ
1933 1624 1995 1678 ἂν
2025 1625 2099 1679 ἔτι
2158 1618 2162 1673 ‘f

268 1704 396 1760 ἑκών
421 1726 474 1776 γε
500 1705 623 1759 εἶναι
646 1704 899 1777 ὑποσταίη
926 1707 989 1760 τὰ
1017 1711 1226 1779 φλαῦρα
1247 1713 1340 1761 τοῦ
1372 1709 1509 1774 βίου.
1596 1711 1679 1762 καὶ
1703 1715 1869 1763 ταῦτα
1892 1707 2098 1764 εἷπόντα
2156 1706 2162 1714 ⁴

263 1793 495 1865 μαχαίρᾳ
520 1790 702 1846 ἑαυτὸν
728 1790 1141 1863 διαχρήσασθαι,
1187 1790 1344 1861 ἥνπερ
1372 1794 1424 1845 ἐν
1446 1798 1510 1864 τῇ
1531 1795 1686 1865 θοίνῃ
1708 1796 1987 1864 ἐξεπίτηδες
2014 1817 2097 1849 κε-

266 1876 472 1947 κλοφώς
495 1876 697 1944 ἔτυχεν,
745 1876 880 1931 οὕτω
902 1899 956 1930 τε
983 1876 1139 1930 αὐτὸν
1163 1877 1215 1940 ἐξ
1244 1875 1534 1948 ἀνθρώπιον
1570 1877 1940 1950 ἀφανισθῆναι.
2028 1880 2096 1934 τοὶ
2153 1890 2162 1930 j<

263 1963 356 2030 μὲν
385 1955 475 2014 οὖν
501 1962 632 2015 κατὰ
654 1968 836 2015 τοῦτον
863 1963 926 2031 δὴ
956 1962 1046 2015 τὸν
1071 1960 1322 2032 Ἀρσάκην
1351 1960 1384 2032 ἦ
1411 1969 1512 2017 τῶν
1530 1962 1801 2032 Ἀρμενίων
1827 1965 2091 2038 συγγραφὴ

265 2047 390 2116 λέγει
415 2044 594 2118 ταύτῃ,
633 2041 762 2118 ᾗπερ
794 2045 1011 2118 ἐρρήθη,
1060 2048 1408 2117 κεχωρηκέναι,
1457 2051 1540 2101 καὶ
1563 2049 1651 2102 τὸν
1677 2046 1835 2118 νόμον
1857 2049 1972 2104 τότε
1994 2051 2096 2119 ἆμ-
2142 2040 2161 2086 Ῑ

267 2134 325 2202 φὶ
365 2136 436 2206 τῷ
470 2138 563 2202 τῆς
601 2130 771 2203 λήθης
811 2134 1042 2207 φρουρίῳ
1079 2130 1346 2188 λελύσθαι.
1432 2133 1543 2202 ἐμοὶ
1577 2135 1635 2188 δὲ
1674 2132 1892 2208 ὅθενπερ
1920 2137 2096 2206 ἐξέβην

265 2216 414 2271 ἰτέον.
1846 2239 1856 2253 ·

383 2382 454 2483 λΑΊ.
486 2381 674 2439 φλαῦρα
700 2381 752 2424 Α.
811 2384 970 2439 φαῦλα
996 2382 1050 2425 P.
1094 2427 1097 2431 Δ
1223 2383 1292 2427 18.
1321 2378 1694 2439 διαχρήσασθαι]
1726 2382 2097 2442 διαχειρίσασθαι
2159 2366 2161 2370 ¹

447 2453 558 2483 corr.

267 2594 348 2640 tui.
405 2592 615 2637 Mandato
643 2593 792 2648 itaque
819 2592 941 2649 regio
972 2593 1178 2639 admissus
1206 2593 1279 2639 ille
1306 2593 1353 2638 in
1382 2593 1614 2638 Castellum
1644 2594 1886 2641 oblivionis
1905 2627 1918 2651 ‚
1965 2598 2097 2643 Arsa·
2140 2652 2142 2654 ¹

269 2666 360 2695 cem
397 2651 614 2694 salutavit.
673 2651 758 2693 Hic
784 2650 897 2692 inter
925 2665 972 2693 se
1001 2652 1226 2710 compleXi,
1261 2658 1307 2696 et
1332 2653 1378 2695 in
1406 2651 1700 2695 suavissimum
1730 2653 1955 2697 lamentum
1985 2657 2097 2699 effu-

269 2710 323 2762 si,
353 2708 487 2751 vicem
517 2721 634 2750 suam
662 2707 994 2763 complorarunt,
1020 2711 1094 2752 vix
1123 2716 1171 2752 ut
1199 2710 1310 2753 alter
1338 2710 1392 2753 ab
1422 2709 1558 2752 altero
1587 2709 1794 2754 divellere
1824 2726 1968 2754 manus
1998 2714 2097 2769 qui-
2151 2719 2153 2721 '

268 2766 424 2809 verint.
482 2764 676 2808 Tandem
705 2764 879 2820 lugendi
907 2766 1107 2809 satietate
1134 2767 1240 2810 fessi
1266 2777 1359 2810 cum
1386 2766 1598 2823 paululum
1626 2768 1934 2822 respirassent,
1964 2771 2097 2814 Arsa·
2143 2782 2146 2786 ·

267 2837 359 2866 cem
397 2821 505 2864 lavit
543 2822 789 2873 Armenius,
833 2826 878 2863 et
915 2826 1051 2865 totum
1092 2830 1293 2867 accurate
1322 2822 1579 2879 composuit3
1620 2824 1769 2868 habitu
1800 2826 1926 2868 etiam
1955 2826 2095 2884 regali

265 2884 460 2922 ornatum
488 2877 715 2921 reclinavit
742 2878 786 2920 in
817 2884 930 2921 toro.
986 2881 1096 2922 Tum
1127 2883 1309 2924 Arsaces
1339 2879 1518 2936 regifice
1548 2895 1625 2936 pro
1654 2895 1773 2924 more
1803 2883 1982 2938 pristino
2012 2899 2094 2940 ap-
2151 2914 2156 2922 ,

265 2936 433 2994 paratis
473 2936 610 2991 epulis
649 2948 721 2977 eos
761 2934 930 2991 accepit
969 2937 1043 2992 qui
1082 2936 1322 2984 adfuerunt.
1380 2935 1686 2980 convivalibus
1714 2939 1845 2991 iocis,
1887 2955 1970 2982 non
1998 2941 2094 2984 sine
2150 2946 2154 2950 ’

265 3008 420 3050 magno
450 2993 540 3035 eius
571 2992 907 3043 oblectamento,
951 2993 1180 3036 bellissime
1208 2995 1345 3038 lusum
1383 3000 1473 3046 est,
1515 2994 1685 3050 aliaque
1728 2996 1772 3038 in
1803 2997 1985 3040 medium
2014 3013 2094 3040 ve·-
2140 3015 2149 3046 ,ε

264 3065 370 3094 nere
409 3050 618 3106 plurima,
666 3063 776 3105 quae
811 3049 947 3104 ipsum
976 3051 1104 3093 multa
1134 3051 1352 3095 hilaritate
1379 3056 1718 3107 consperserunt.
1777 3053 1947 3096 Summa
1975 3059 2094 3099 certe
2148 3104 2152 3108 p

264 3107 350 3150 fuit
378 3106 679 3150 confabulandi
705 3107 921 3158 suavitas,
973 3121 1083 3162 quae
1112 3108 1167 3149 ad
1197 3114 1360 3151 noctem
1394 3122 1529 3164 usque
1573 3110 1924 3165 computationem
1954 3111 2092 3155 duxit.
2142 3119 2156 3141 ”

262 3165 351 3206 Vix
379 3165 549 3206 tandem
577 3163 882 3215 discesserunt,
911 3164 1017 3206 lauti
1043 3164 1159 3220 epuli
1189 3166 1408 3222 voluptate
1437 3166 1614 3220 perfusi.
1671 3167 1863 3208 Subinde
1892 3169 2092 3213 Arsacem
2156 3214 2159 3218 ,

264 3221 428 3265 dixisse
456 3225 700 3272 memorant,
732 3220 844 3262 haud
872 3234 1007 3275 aequo
1037 3221 1238 3277 deinceps
1267 3222 1405 3265 animo
1432 3222 1612 3265 laturum
1641 3237 1690 3265 se
1717 3237 1936 3266 aerumnas
1962 3225 2091 3279 vitae,
2150 3226 2155 3260 ἰ

264 3284 489 3336 postquam
520 3292 615 3320 cum
643 3278 876 3320 mortalium
907 3278 989 3320 sibi
1017 3278 1283 3334 optatissimo
1325 3279 1502 3322 omnium
1531 3279 1801 3322 laetissimum
1831 3281 1941 3323 diem
1974 3283 2092 3338 egis·
2131 3317 2153 3333 ,1

266 3340 363 3378 set:
409 3335 476 3378 his
515 3334 668 3386 dictis,
707 3334 873 3386 cultro,
914 3349 1037 3391 quem
1078 3335 1131 3377 de
1160 3349 1304 3378 mensa
1330 3337 1522 3378 consulto
1549 3336 1819 3391 sublegerat,
1861 3352 1909 3380 se
1938 3341 2092 3382 confo-
2127 3335 2154 3391 ζ’

267 3392 410 3445 disse,
453 3392 614 3447 itaque*
639 3391 902 3434 occubuisse.
960 3391 1068 3433 Eum
1100 3392 1255 3434 exitum
1284 3393 1483 3435 habuisse
1511 3397 1733 3445 Arsacem,
1773 3407 1825 3436 ac
1852 3400 1954 3439 tunc
1981 3401 2090 3438 tem·-
2140 3438 2142 3442 .

268 3450 388 3505 poris
420 3454 569 3492 contra
595 3448 728 3503 legem
757 3448 858 3491 itum
887 3447 1045 3498 fuisse,
1086 3462 1196 3504 quae
1234 3452 1300 3491 est
1340 3449 1394 3491 de
1423 3451 1611 3494 Castello
1641 3450 1906 3506 oblivionis,
1942 3453 2090 3510 prodit

268 3505 450 3552 historia
477 3507 762 3550 Armenorum.
820 3506 949 3550 Nunc
973 3504 1076 3548 mihi
1102 3505 1214 3549 unde
1240 3505 1500 3551 diverteram
1526 3507 1798 3552 redeundum.
2135 3505 2155 3520 ⁴*
