2254 3814
331 198 453 256 430
1085 197 1419 252 PROCOPII

329 363 436 396 τιον
469 340 711 409 πέμψειε,
756 340 841 390 καὶ
875 333 1172 407 στράτευμα
1211 336 1437 392 ἔστελλεν
1464 338 1555 410 ἐφ’
1596 333 1638 412 ᾧ
1664 338 2012 396 ἅνασώσοιντο
2033 341 2158 396 Ῥω-

324 428 497 495 μαίοις
548 424 751 476 ἅπαντα
779 463 795 487 ,
854 415 924 475 ῶν
970 425 1216 475 Βανδίλοι
1256 418 1428 494 ἦρχον.
1517 423 1775 495 Κύριλλον
1807 428 1900 494 μὲν
1948 422 2037 480 οὖν
2074 429 2161 490 ξῦν

326 509 514 580 πλήθει
542 513 711 580 πολλῷ
741 509 790 569 ἒς
812 507 1002 577 Σαρδὼ
1028 507 1219 576 ἔπεμψε
1233 550 1249 574 ,
1297 510 1389 578 τὴν
1419 507 1685 576 Τζάζωνος
1711 511 1936 582 κεφαλὴν
1959 512 2157 579 ἔχοντα,
2214 496 2225 504 “

328 597 429 648 ἐπεὶ
470 595 518 647 οἳ
555 598 798 661 νησιῶται
839 585 980 645 οὗτοι
1011 592 1195 660 ἥκιστα
1232 605 1546 665 προσχωρεῖν
1567 594 1835 664 Ῥωμαίοις
1867 595 2159 664 ἐβούλοντο,

328 675 549 740 δεδιότες
575 700 626 731 τε
655 678 776 739 τοῦς
813 679 1102 740 Βανδίλους
1130 681 1214 731 καὶ
1242 679 1334 732 οὐκ
1372 679 1434 732 ἂν
1461 679 1680 749 οἰόμενοι
1709 681 1884 751 ἀληθῆ
1912 681 2034 735 εἶναι
2067 681 2205 736 ὅσαὸ

328 766 472 835 σφίσι
501 767 862 831 ξυνενεχθῆναι
903 764 956 815 ἓν
999 762 1316 837 Τρικαμάρῳ
1359 765 1568 835 ἐλέγετο.
1660 765 1825 840 τούτῳ
1870 769 1925 821 δὲ
1953 773 2025 840 τῷ
2051 772 2168 821 Κυ-

265 858 303 902 Β
337 852 490 922 ρι’λλῳ
513 846 777 918 ἐπήγγελλε
802 857 988 919 μοῖραν
1025 854 1118 902 τοῦ
1147 856 1371 920 στρατοῦ
1399 852 1450 912 ἒς
1474 852 1769 923 Κουρσικὴν
1803 853 2081 921 πέμψαντα
2103 858 2167 924 τῇ

323 933 598 1000 εΡωμαίων
636 934 768 1005 ἀργῇ
805 934 898 1002 τὴν
934 939 1090 1002 νῆσον
1129 933 1559 1003 ἀνακτήσασθαι,
1608 939 1878 992 Βανδίλων
1917 937 2168 1006 κατήκοον

331 1021 396 1074 τὰ
421 1018 646 1090 πρότερα
673 1014 864 1083 οὖσαν,
911 1018 945 1087 ἢ
975 1017 1180 1089 Κύρνος
1207 1023 1300 1087 μὲν
1334 1024 1385 1074 ἐν
1411 1032 1518 1084 τοῖς
1556 1022 1662 1076 ἄνω
1682 1021 1887 1091 χρόνοις
1915 1025 2169 1076 ἐπεκαλεῖ-

331 1128 423 1171 το,
470 1106 529 1158 οὗ
557 1102 732 1174 πόρρω
769 1105 823 1157 δὲ
851 1103 950 1157 ἀπὸ
975 1109 1213 1174 Σαρδοῦς
1250 1109 1398 1160 ἐστιν.
1490 1106 1516 1161 ὃ
1543 1108 1595 1160 δ’
1632 1111 1681 1170 ἒς
1707 1111 1897 1177 Σαρδώ
1922 1106 2166 1179 ἀφικόμε-
2185 1117 2218 1164 l.

332 1212 420 1253 νος
445 1191 537 1259 τὴν
566 1188 832 1255 Τζάζωνος
851 1190 1076 1260 κεφαλὴν
1100 1200 1206 1252 τοῖς
1229 1189 1391 1263 ταύτῃ
1417 1190 1688 1263 ᾠκημένοις
1710 1193 1932 1256 ἀπέδειξε
1959 1197 2041 1246 καὶ
2065 1194 2167 1261 ἄμ-

332 1298 416 1347 φω
451 1276 516 1328 τὰ
552 1274 691 1343 νήσω
723 1281 787 1346 τῇ
818 1272 1082 1342 Ῥωμαίων
1115 1278 1352 1350 βασιλεία
1394 1278 1443 1338 ἒς
1470 1275 1635 1348 φόρου
1660 1278 1935 1348 ἀπαγωγὴν
1976 1276 2168 1332 ἀνεσώ-

333 1382 480 1415 σατο.
570 1362 620 1422 ἒς
652 1361 707 1412 δὲ
731 1356 1048 1430 Καισάρειαν
1075 1360 1167 1427 τὴν
1193 1362 1244 1414 ἔν
1279 1365 1640 1430 Μαυριτανοΐς
1666 1363 1968 1436 Βελισάριος
1993 1362 2168 1418 Ἶωάνὲ-
2228 1383 2230 1394 ²

332 1469 425 1516 νην
452 1445 540 1509 ξῦν
564 1442 700 1516 λόχῳ
724 1447 937 1518 πεζικῷ,
987 1438 1048 1499 οὗ
1078 1446 1142 1513 δὴ
1167 1446 1322 1509 αὐτὸς
1352 1445 1547 1517 ἡγεῖτο,
1591 1448 1847 1517 ἔπεμψεν,
1891 1448 1923 1518 ἢ
1949 1448 2051 1522 ὁδῷ
2078 1451 2170 1518 μὲν

270 1541 307 1584 C
338 1531 541 1602 ἡμερῶν
567 1528 845 1601 τριάκοντα
884 1528 1080 1603 εὐζώνῳ
1110 1532 1258 1601 ἀνδρὶ
1291 1531 1630 1604 Καρχηδόνος
1658 1536 1828 1603 διέχει,
1875 1534 1926 1596 ἔς
1949 1531 2170 1606 Γάδειρά
2190 1539 2213 1583 l

331 1640 384 1672 τε
416 1620 498 1670 καὶ
524 1617 618 1679 τὰς
644 1614 958 1687 “Ηρακλέους
980 1615 1175 1684 στήλας
1200 1616 1355 1672 ἰόντι·
1402 1628 1558 1673 κεῖται
1583 1622 1640 1674 δὲ
1664 1622 1744 1673 ἐπὶ
1768 1618 2044 1691 θαλάσσῃ,
2078 1642 2172 1688 με-
2234 1675 2237 1678 ⁴

329 1702 458 1774 γάλη
489 1724 541 1756 τε
567 1705 650 1755 καὶ
673 1700 1084 1773 πολυάνθρωπος
1108 1704 1162 1756 ἔκ
1186 1709 1406 1758 παλαιοῦ
1433 1700 1582 1759 οὖσα.
1650 1703 1889 1776 Ἰωάννην
1914 1707 1969 1759 δὲ
1997 1706 2170 1772 ἄλλον,
2236 1761 2239 1767 ,

328 1796 432 1844 τῶν
473 1790 667 1842 οῗκείων
696 1786 1035 1842 ὑπασπιστῶν
1064 1789 1183 1854 ἕνα,
1230 1791 1283 1852 ἐς
1322 1791 1411 1844 τὸν
1444 1792 1494 1843 ἐν
1520 1794 1787 1862 Γαδείροις
1824 1791 2065 1863 πορθμὸν
2089 1793 2173 1845 καὶ
2239 1838 2241 1843 .

330 1876 424 1943 τὴν
450 1873 626 1945 ἑτέραν
655 1879 757 1927 τῶν
774 1872 1086 1945 Ἱ-Ιρακλέους
1110 1880 1313 1944 στηλῶν
1338 1875 1559 1944 ἔπεμψε,
1606 1877 1664 1931 τὸ
1711 1878 1870 1949 ἐκείνῃ
1906 1867 2171 1947 φρούριον,

331 1959 358 2014 ὃ
387 1962 583 2015 Σέπτον
607 1964 846 2024 καλοῦσι,
892 1959 1195 2022 καθέξοντα.
1285 1960 1334 2023 ἒς
1373 1963 1428 2014 δὲ
1467 1962 1558 2024 τὰς
1585 1959 1796 2030 νήσους,
1838 1964 1985 2033 αἵπερ
2014 1963 2244 2032 ἀγχοῦῆ)

151 2059 191 2100 V
221 2057 306 2101 393
335 2050 428 2101 εἶσι
456 2052 546 2115 τῆς
572 2045 796 2100 ὠκεανοῦ
826 2044 1060 2112 ἐσβολῆς,
1077 2043 1306 2114 ’Έβουσά
1330 2068 1383 2100 τε
1411 2049 1492 2100 καὶ
1509 2051 1777 2120 ΖΙἸαῖορίκα
1802 2050 1884 2102 καὶ
1908 2050 2172 2120 ΠΙινορίκα
2246 2107 2248 2110 y

446 2215 490 2258 3.
528 2210 796 2267 Τζοῖζωνος]
839 2208 1093 2264 τζαόζωνος
1135 2211 1240 2254 HL:
1269 2210 1375 2254 illud
1405 2211 1502 2255 Hm.
1646 2215 1688 2256 8.
1722 2213 1892 2270 νῆσον]
1923 2215 2092 2271 νῆσσον
2121 2214 2172 2256 L.

453 2274 522 2315 10.
555 2268 757 2323 Σαρδώ]
789 2270 944 2337 σαρδῷ
974 2269 1024 2311 L.
1124 2271 1194 2316 11.
1241 2267 1504 2323 Τζοῖζωνος]
1532 2268 1788 2324 τζαόζωνος
1815 2271 1909 2317 HL.
2001 2274 2066 2316 16.
2099 2269 2173 2315 ἐπὶ
2239 2252 2254 2288 Ἶ

448 2327 692 2385 θαλάσσῃ]
723 2325 1035 2382 ἐπιθαλασσης
1062 2326 1115 2370 L.
1258 2329 1333 2374 20.
1370 2327 1579 2384 Σέπτον]
1619 2327 1804 2375 {aaaron
1847 2330 1913 2372 Hx
1943 2329 2047 2373 illud
2076 2332 2172 2373 Hm.
2252 2342 2254 2368 2

448 2389 521 2433 21.
551 2385 816 2440 Mv‘ooae'uoe]
859 2385 1048 2443 μινορία
1077 2384 1129 2427 L.

335 2529 438 2572 illuc
466 2527 634 2583 emisit,
674 2532 722 2571 ut
764 2527 967 2571 Romanis
1000 2533 1332 2585 recuperarent,
1368 2543 1643 2587 quaecunque
1673 2528 1855 2573 Vandali
1885 2527 2171 2572 obtinuerant.
2236 2551 2254 2575 π·

336 2589 398 2630 Ac
439 2585 645 2642 Cyrillum
686 2585 856 2642 quidem
900 2585 1043 2629 valida
1082 2587 1346 2630 succinctum
1396 2602 1520 2630 manu
1561 2587 1604 2630 in
1644 2587 1887 2630 Sardiniam
1928 2585 2174 2637 destinavit,
2230 2608 2254 2642 ,γ

339 2645 433 2687 cum
463 2642 652 2687 abscisso
685 2643 902 2686 Tzazonis
932 2642 1100 2700 capite,
1140 2651 1371 2702 propterea
1410 2645 1524 2700 quod
1553 2645 1644 2688 eius
1673 2645 1839 2687 incolae
1867 2643 2067 2686 Romanis
2097 2643 2173 2685 de·

339 2701 444 2743 dere
472 2713 519 2742 se
547 2700 828 2752 recusabant,
867 2700 950 2742 sibi
992 2706 1227 2744 metuentes
1265 2716 1292 2745 a
1323 2702 1554 2754 Vandalis,
1594 2717 1673 2744 nec
1701 2708 1903 2759 putantes
1930 2715 2034 2743 vera
2065 2713 2174 2751 esse,
2247 2741 2254 2751 ,

339 2771 451 2814 quae
490 2756 575 2799 illis
617 2757 730 2813 apud
771 2758 1067 2800 Tricamarum
1109 2758 1318 2802 accidisse
1358 2760 1468 2802 fama
1497 2760 1766 2815 vulgaverat.
1826 2759 1980 2801 Eidem
2011 2756 2174 2812 Cyrillo
2239 2783 2243 2788 ·

341 2813 547 2865 iniunxit,
589 2814 653 2858 uti
694 2820 858 2871 partem
899 2814 1112 2857 exercitus
1148 2815 1192 2858 in
1231 2816 1447 2861 Corsicam
1486 2817 1708 2867 mitteret,
1746 2820 1878 2872 atque
1911 2814 2088 2856 insulam
2118 2814 2174 2856 ad

340 2871 574 2914 Romanam
601 2871 803 2916 ditionem
832 2887 858 2915 a
899 2871 1135 2915 Vandalica
1163 2878 1403 2917 revocaret.
1462 2874 1530 2918 Ea
1557 2874 1763 2930 quondam
1806 2876 1959 2916 vocata
1989 2872 2174 2926 Cyrnus,
2228 2875 2254 2923 ,ς’

341 2927 569 2972 Sardiniae
610 2927 793 2972 adiacet.
851 2930 929 2972 Ille
962 2929 1006 2972 in
1045 2930 1287 2973 Sardiniam
1328 2931 1519 2984 delatus,
1558 2931 1774 2974 Tzazonis
1815 2934 1946 2985 caput
1983 2928 2175 2970 ostendit
2238 2943 2254 2983 2}

341 2985 519 3034 incolis,
561 2988 606 3028 et
644 2992 866 3042 utramque
905 2986 1080 3030 insulam
1123 2988 1404 3044 vectigalem,
1443 2995 1491 3031 ut
1518 2987 1662 3045 prius,
1691 2987 1872 3044 Imperio
1901 2986 2022 3028 Rom.
2052 2985 2172 3030 facit.
2224 2999 2229 3004 ’

336 3044 537 3086 Ioannem
569 3057 660 3085 cum
691 3044 865 3086 cohorte
898 3044 1112 3099 peditum,
1156 3045 1310 3101 quibus
1338 3047 1434 3103 ipse
1465 3051 1688 3102 praeerat,
1718 3045 1975 3087 Caesaream
2004 3041 2173 3088 Mauri-‚-
2249 3044 2254 3066 ²

336 3100 483 3143 taniae
512 3098 743 3142 Belisarius
770 3099 897 3143 misit.
958 3102 1094 3144 Abest
1123 3104 1224 3144 urbs
1253 3102 1328 3144 illa
1361 3103 1627 3157 Carthagine
1664 3100 1831 3157 spatio,
1874 3099 1988 3155 quod
2019 3099 2172 3141 diebus

337 3171 439 3200 xxx,
469 3156 669 3200 conficiat
699 3156 766 3199 vir
805 3157 1053 3214 expedituS,
1094 3159 1170 3214 qui
1216 3159 1364 3202 Gades
1405 3172 1556 3201 versus
1598 3159 1894 3211 columnasque
1934 3155 2172 3199 Herculeas
2239 3158 2254 3202 ,ἓ

337 3215 424 3258 iter
451 3213 670 3257 intendate
711 3213 921 3256 maritima
951 3219 1045 3264 est,
1086 3229 1266 3270 magna,
1306 3231 1358 3259 ac
1386 3215 1468 3258 iam
1496 3215 1595 3257 inde
1624 3215 1721 3258 olim
1761 3215 1928 3257 civibus
1955 3215 2173 3270 frequens.

337 3273 538 3315 Ioannem
566 3270 772 3323 alterum,
814 3285 838 3312 e
880 3269 1078 3312 scutariis
1120 3272 1208 3314 suis
1247 3287 1401 3323 unum,
1443 3272 1496 3314 ad
1538 3272 1690 3314 fretum
1721 3272 1983 3315 Gaditanum
2024 3277 2069 3313 et
2096 3284 2173 3312 co·
2236 3302 2240 3318 ζ

337 3331 523 3374 lumnam
566 3328 741 3371 alteram
779 3327 979 3370 Herculis
1018 3327 1144 3370 iussit
1186 3343 1236 3371 eo
1280 3342 1512 3384 properare
1555 3330 1760 3381 consilio,
1799 3334 1850 3371 ut
1889 3329 2068 3385 posEtum
2109 3326 2173 3368 ibi
2230 3374 2235 3379 ¹

342 3387 587 3438 castellum,
617 3383 730 3442 quod
759 3385 935 3440 Septum
964 3385 1206 3440 appellant,
1234 3386 1463 3441 reciperet.
1522 3387 1589 3429 Ad
1618 3386 1776 3429 insulas
1810 3399 1926 3437 vero,
1957 3399 2038 3427 non
2071 3398 2174 3441 pro-
2232 3390 2233 3395 ’

345 3445 413 3486 cul
442 3459 467 3487 a
495 3443 608 3487 freto
653 3441 849 3494 dissitas,
892 3456 975 3497 quo
1018 3442 1216 3484 Oceanus
1257 3442 1437 3484 illabens
1475 3443 1717 3499 excipitur,
1758 3444 1944 3486 Ebusam
1987 3442 2082 3495 aio,
2127 3444 2172 3483 et

346 3514 453 3559 quas
481 3504 638 3545 vocant
664 3500 811 3555 lingua
837 3499 1066 3544 vernacula
1093 3498 1342 3544 Maior-icam
1372 3514 1424 3543 ac
1452 3500 1730 3554 Minoricam,
1763 3499 2069 3557 Apollinarium
2094 3498 2175 3541 mi-.
2227 3503 2242 3549 ,ἒ
