2254 3814
328 185 449 244 274
1082 186 1415 240 PROCOPH

327 330 381 383 ἔκ
412 328 695 394 Βυζαντίὀυ
719 325 999 398 ἀφίξεσθαι
1027 328 1109 379 καὶ
1137 326 1231 396 τὴν
1267 324 1468 400 εῗρῆνην
1495 327 1548 381 ἓν
1571 331 1645 402 τῷ
1673 329 1870 402 βεβαίῳ
1907 327 2161 401 κρατύνα-

326 421 482 479 σθαι,
529 418 715 484 πρᾶξαι
760 414 815 464 δὲ
855 418 957 465 τῶν
997 404 1399 482 ὡμολογημένων
1433 414 1611 481 οὐδέν,
1648 411 1904 468 ἀδύνατον
1923 415 2160 486 γεγονότα

323 500 418 569 τὴν
437 496 798 552 ’Ῑουστινιανοῦ
823 498 1077 564 βασιλέως
1099 497 1392 565 βιάσασθαι
1418 497 1642 569 γνώμην.

256 599 297 643 D
497 581 583 647 κζ.
666 582 750 635 Ἐν
778 580 945 655 τούτῳ
970 585 1025 636 δὲ
1042 568 1282 650 Ῥωμαῖοι
1305 585 1510 638 ἐποίουν
1533 583 1673 639 τάδε.
1739 580 1966 652 διώρυχα
1989 584 2043 636 ἐκ
2071 589 2162 652 τῆς

323 666 518 730 πόλεως
558 667 733 736 ἔνερθε
773 673 877 721 τῶν
922 671 1175 735 πολεμίων
1200 674 1292 723 τοῦ
1310 667 1554 738 χώματος
1576 668 1908 741 ἐργασάμενοι
1935 669 2200 724 ἕκέλευονό

321 754 442 816 τοὺς
478 750 796 824 ὀρύσσοντας
831 752 905 822 μὴ
942 756 1224 821 μεθιέσθαι
1259 761 1352 808 τοῦ
1387 754 1535 825 ἔργου
1566 754 1783 821 τούτου,
1831 755 1924 816 ἕως
1948 752 2048 807 ὖπό
2074 754 2163 808 τὸν

320 836 481 909 λόφον
519 839 760 909 γένωνται
797 839 972 906 μέσον.
1035 837 1200 910 ταύτῃ
1223 839 1319 910 γὰρ
1346 847 1532 895 καῦσαι
1557 841 1616 894 τὸ
1635 847 1790 909 χῶμα
1817 845 1970 893 τοῦτο
1998 842 2162 893 διενο-

296 929 298 931 ’
321 930 488 978 οῦντο.
577 920 856 995 προϊούσης
889 926 945 978 δὲ
982 931 1074 992 τῆς
1097 924 1346 994 διώρυχος
1370 926 1502 979 κατὰ
1522 926 1612 980 τὸν
1635 924 1796 996 λόφον
1816 922 2043 991 μάλιστα
2069 925 2163 992 μέ-

145 1022 181 1064 Ρ
214 1018 297 1063 156
325 1031 417 1064 σον
453 1006 682 1079 πάταγός
717 1030 793 1071 τις
833 1011 885 1072 ἐς
925 1015 1028 1063 τῶν
1067 1014 1288 1079 Περσῶν
1324 1011 1447 1073 τοὺς
1481 1010 1706 1080 ὕπερθεν
1731 1010 1957 1071 ἑστῶτας
1982 1005 2160 1078 ἦλθεν.

321 1092 632 1163 αῗσθόμενοί
667 1116 721 1148 τε
761 1100 855 1147 τοῦ
893 1096 1196 1163 ποιουμένου
1235 1098 1319 1148 καὶ
1361 1097 1507 1150 αὐτοὶ
1539 1096 1741 1150 ἄνωθεν
1767 1092 2040 1165 ἀρξάμενοι
2070 1093 2232 1165 ἔφ’1ο

321 1178 536 1248 ἑκάτερα
570 1185 663 1233 τοῦ
700 1180 860 1245 μέσου
896 1179 1160 1248 ὤρυσσον,
1210 1178 1347 1242 ὅπως
1374 1179 1578 1247 λάβοιεν
1606 1181 1727 1244 τοὺς
1754 1183 1913 1251 ἐκείνῃ
1940 1202 2163 1251 κακουρ-

318 1271 536 1336 γοῦντας
554 1263 851 1332 Ῥωμαίους.
899 1263 925 1316 ὃ
953 1264 1016 1331 δὴ
1042 1262 1244 1331 γνόντες
1260 1262 1499 1331 Ῥωμαῖοι
1523 1264 1711 1320 τούτου
1739 1268 1832 1332 μὲν
1863 1265 2160 1333 ἀπέσχοντο,

313 1356 442 1419 χοῦν
470 1351 550 1403 ἐπὶ
577 1350 666 1403 τὸν
693 1349 983 1402 κενωθέντα
1000 1355 1173 1419 χῶρον
1201 1347 1528 1416 ἐπιβαλόντες
1538 1392 1555 1417 ,
1604 1353 1658 1404 ἐκ
1690 1353 1745 1404 δὲ
1782 1350 1941 1420 ἄκρου
1978 1348 2163 1419 χώμαφ

318 1456 408 1498 τος
431 1432 696 1499 κάτωθεν,
739 1432 765 1487 ὃ
792 1433 922 1504 πρὸς
943 1440 1015 1506 τῷ
1038 1437 1185 1503 τείχει
1210 1433 1476 1505 ἐτύγχανεν
1504 1435 1591 1503 ὂν,
1637 1434 1763 1500 ’ξύλα
1786 1458 1840 1490 τε
1869 1438 1951 1488 καὶ
1980 1439 2163 1499 λίθους

318 1522 403 1574 καὶ
463 1525 588 1588 χοῦν
636 1516 1015 1590 ε’κφορήσαντες
1068 1517 1308 1591 καθάπερ
1362 1523 1585 1576 οἶκίσκου
1624 1527 1799 1591 σχῆμα
1838 1519 2159 1591 εἷργάσαντο,
2179 1516 2242 1575 15v

317 1605 517 1676 πρέμνα
549 1626 603 1659 τε
637 1605 861 1676 δένδρων
888 1611 992 1658 τῶν
1018 1605 1186 1680 ῥᾷστα
1214 1607 1494 1674 καιομένων
1520 1607 1651 1677 ξηρὰ
1676 1609 1907 1661 ἐνταῦθα
1930 1606 2162 1672 εἰσέβαλ-

280 1697 408 1744 ’λον
421 1732 438 1756 ,
484 1690 638 1763 ἐλαίῳ
679 1712 733 1743 τε
777 1692 1221 1761 καταβεβρεγμένα
1272 1697 1352 1765 τῷ
1394 1693 1449 1746 ἔκ
1494 1694 1677 1764 κέδρου
1717 1693 2036 1766 πεποιημένῳ
2078 1694 2162 1745 καὶ
2222 1711 2227 1718 “

316 1778 448 1849 θείῳ
484 1797 538 1829 τε
574 1778 658 1829 καὶ
692 1773 944 1848 ἀσφάλτῳ
984 1782 1165 1849 πολλῇ.
1253 1780 1336 1831 καὶ
1375 1779 1423 1832 οἳ
1462 1780 1556 1846 μὲν
1588 1784 1756 1832 ταῦτα
1783 1779 1836 1831 ἓν
1863 1783 2162 1850 παρασκευῇ
2219 1807 2221 1809 ·

253 1875 291 1917 Β
323 1860 489 1930 εἶχον,
547 1862 595 1915 οἷ
643 1863 699 1914 δὲ
741 1865 964 1931 Περσῶν
1018 1862 1260 1932 ἄρχοντες
1299 1861 1543 1927 πολλάκις
1577 1861 1868 1933 ἐντυχόντες
1903 1865 2162 1935 ΖΡΙαρτίνῳ

317 1952 533 2000 τοιαῦτα
568 1947 661 2014 μὲν
698 1944 781 1999 οἶά
816 1947 909 2018 πέρ
941 1968 1031 2015 μοι
1068 1948 1262 2017 εἴρηται
1289 1949 1657 2020 διελέχθησαν,
1705 1946 1914 2018 δόκησιν
1940 1947 2232 2017 παρεχό-Ξο

315 2054 456 2099 μενοι
494 2029 563 2094 ὥς
594 2031 717 2094 τοὺς
749 2030 882 2103 ἀμφὶ
913 2038 977 2104 τῇ
1006 2030 1175 2104 εἰρήνῃ
1208 2033 1490 2098 ἔνδέξονται
1518 2032 1718 2106 λόγους.
1805 2036 1909 2087 ἐπεὶ
1936 2036 1990 2087 δέ
2019 2032 2045 2087 ὃ
2071 2032 2162 2088 λό-

134 2133 171 2175 V
201 2132 284 2176 329
315 2138 417 2189 φος
453 2116 631 2179 αὐτοῖς
665 2118 945 2170 ἐτετέλεστο
988 2117 1116 2187 ἤδη,
1164 2121 1249 2171 καὶ
1283 2117 1572 2187 πλησιάζων
1611 2121 1705 2187 μὲν
1740 2125 1832 2188 τῆς
1863 2116 2058 2181 πόλεως
2087 2125 2160 2194 τῷ

314 2199 600 2275 περιβόλῳ,
647 2200 769 2270 ὕψει
811 2203 869 2255 δὲ
917 2201 1075 2257 αὐτὸν
1123 2209 1298 2278 πολλῷ
1341 2202 1630 2278 ὑπεραίρων
1670 2206 1750 2259 ἐπὶ
1785 2204 1916 2276 μέγα
1948 2206 2160 2277 ἐπῆρτο,
2216 2233 2218 2235 ·

429 2340 473 2383 2.
502 2333 766 2396 ἀδύνατον]
797 2337 1001 2388 δυνατόν
1028 2338 1066 2383 L
1094 2354 1206 2385 corr.
1238 2341 1338 2384 Hm.

317 2470 445 2526 gatos
472 2467 597 2510 brevi
628 2466 891 2511 adventuros
921 2468 1134 2525 Byzantio
1165 2471 1211 2513 et
1239 2483 1388 2526 pacem
1417 2468 1680 2522 sancituros3
1721 2483 1865 2514 eorum
1897 2483 2017 2523 vero,
2047 2483 2158 2527 quae
2215 2519 2218 2522 Α

316 2531 433 2568 esset
461 2525 702 2581 pollicitus,
733 2526 837 2568 nihil
866 2527 965 2569 ideo
999 2526 1316 2584 praestitisset,
1343 2528 1460 2585 quod
1502 2528 1769 2586 nequivisset
1808 2527 2035 2573 Iustiniani
2074 2527 2161 2571 Im-

312 2582 526 2640 peratoris
556 2583 734 2625 animum
770 2597 1033 2641 expugnare.
2213 2587 2219 2591 “

430 2641 502 2683 27.
561 2639 733 2683 Interea
775 2641 882 2683 haec
909 2639 1092 2684 Romani
1117 2641 1255 2685 moliti
1293 2644 1404 2684 sunt.
1465 2641 1674 2685 Cuniculo
1704 2656 1758 2684 ex
1786 2642 1892 2684 urbe
1937 2639 1991 2684 ad
2023 2655 2160 2697 agge-

314 2709 405 2740 rem
434 2694 631 2738 hostilem
662 2697 733 2752 agi
765 2704 935 2754 coepto,
963 2699 1205 2742 fossoribus
1233 2699 1509 2755 imperarunt.
1540 2713 1594 2743 ne
1623 2698 1881 2743 absisterent
1903 2713 2050 2755 opere,
2078 2700 2159 2743 do-

315 2768 397 2796 nec
425 2751 480 2795 ad
510 2752 692 2796 medium
720 2755 923 2798 tumulum
951 2755 1202 2799 subiissent:
1253 2756 1316 2800 ibi
1347 2757 1457 2799 enim
1486 2756 1626 2813 ignem
1663 2755 1876 2799 subiicere
1905 2770 2042 2812 eoque
2070 2769 2158 2799 mo·

316 2811 398 2853 lem
428 2823 704 2866 corrumpere
732 2811 995 2867 cogitabant.
1065 2813 1155 2855 lam
1184 2812 1238 2855 ad
1269 2812 1542 2856 meditullium
1585 2813 1820 2871 perductus
1851 2814 1944 2856 fere
1982 2812 2158 2856 cunicu-

316 2867 384 2909 lus
423 2867 591 2919 fuerat,
649 2881 743 2910 cum
785 2869 839 2911 ad
869 2870 1203 2926 superstantium
1247 2870 1475 2913 Persarum
1517 2884 1643 2914 aures
1686 2871 1883 2928 pervenit
1922 2870 2155 2926 strepitusz

318 2938 403 2978 quo
434 2923 536 2991 quid
566 2929 792 2981 pararetur
823 2925 1051 2978 admoniti,
1099 2927 1315 2984 incipiunt
1343 2942 1369 2970 e
1400 2941 1448 2971 su
1481 2926 1609 2971 eriori
1652 2928 1746 2970 loco
1773 2927 1871 2969 hinc
1899 2926 2000 2969 inde
2027 2927 2158 2970 medii

317 2981 469 3022 tumuli
499 2982 635 3023 latera
663 2981 841 3036 fodere,
889 2989 938 3026 ut
967 2997 1146 3027 arcanos
1176 2983 1362 3027 exitialis
1391 2983 1478 3027 doi
1521 2983 1710 3028 artifices
1739 2982 2029 3039 intercipiant.
2087 2984 2157 3027 Re
2190 2987 2191 2990 ’

319 3037 498 3081 Romani
526 3037 774 3090 intellecta,
816 3047 1018 3096 suscepto
1047 3041 1231 3093 abeunt3
1279 3041 1382 3097 quin
1411 3041 1539 3084 etiam
1565 3048 1724 3084 terram
1752 3039 1956 3096 ingerunt
1982 3041 2025 3083 in
2053 3054 2158 3097 spa·
2186 3035 2246 3090 ἦῆ

317 3095 420 3137 tium
462 3094 684 3138 inanitum.
756 3096 822 3138 Ab
860 3103 1050 3139 extrema
1090 3105 1230 3140 autem
1260 3097 1434 3153 aggeris
1464 3102 1614 3154 parte,
1666 3111 1776 3154 quae
1814 3103 1911 3140 erat
1936 3098 2158 3141 moenibus
2203 3079 2234 3139 ’s'

319 3151 537 3208 proxima,
580 3150 734 3207 lignis,
770 3149 984 3208 lapidibus
1015 3167 1067 3196 ac
1096 3161 1216 3197 terra
1243 3155 1393 3197 subter
1420 3154 1609 3211 egestis,
1647 3153 1829 3210 spatium
1859 3153 2069 3211 quoddam
2098 3154 2156 3198 ad
2204 3159 2254 3214 ''t-¹

319 3208 508 3251 cubiculi
548 3209 723 3251 formam
763 3215 1040 3252 excavarunt.
1115 3211 1212 3254 Huc
1250 3211 1394 3254 aridos
1432 3212 1630 3255 arborum
1668 3211 1797 3254 facile
1825 3211 1966 3267 ignem
2007 3211 2156 3255 conci-
2192 3207 2254 3273 ἐξ

321 3266 527 3322 pientium
555 3264 742 3321 stipites,
773 3266 867 3309 oleo
896 3267 1088 3319 cedrino,
1129 3267 1335 3324 sulphure
1360 3272 1405 3310 et
1431 3267 1635 3312 bitumine
1665 3269 1862 3325 perfusos
1892 3268 2155 3326 perlitosque

320 3323 564 3365 immittunt.
622 3322 690 3365 Ea
727 3322 791 3365 ini
825 3329 1043 3380 pararunt.
1099 3323 1271 3367 Interea
1308 3324 1397 3367 loci
1434 3325 1662 3368 Persarum
1703 3327 1835 3368 duces
1872 3325 1916 3368 in
1953 3339 2155 3382 congres-

320 3393 414 3422 sum
443 3378 621 3422 Martini
648 3379 799 3423 crebro
828 3381 1068 3432 venientu,
1096 3395 1206 3437 quae
1233 3381 1379 3432 retuli,
1407 3382 1472 3424 sic
1495 3381 1766 3436 dictitabant,
1794 3387 1847 3426 ut
1874 3383 2154 3440 speciem-at-
2188 3382 2206 3401 '²'

321 3451 407 3493 que
435 3436 672 3495 opinionem
703 3438 986 3495 praeberent,
1025 3451 1075 3480 se
1104 3437 1158 3481 ad
1185 3438 1303 3495 pacis
1331 3439 1596 3483 conditiones
1626 3453 1888 3485 accessuros.
1945 3441 2003 3483 At
2030 3445 2154 3497 post-
2200 3465 2205 3488 ,-

324 3508 451 3551 quam
491 3494 642 3552 aggeri
687 3496 872 3541 accessit
898 3499 1092 3541 extrema
1127 3509 1299 3550 manus,
1355 3496 1466 3540 etis
1503 3496 1695 3556 proxime
1735 3497 1791 3543 ad
1829 3495 1948 3541 urbis
1986 3495 2152 3541 moenia

2196 2791 2231 3035 *οέᾈῆ-’.εῦμκν
2209 2679 2231 2763 ·;·.ὀ,,
2213 2595 2222 2605 ι

2228 3012 2249 3031 ’Ἰ

2195 3253 2242 3342 ‘fib

2211 3332 2229 3367 'I

2227 3462 2237 3478 .,

2207 3434 2243 3498 ττῑ

2209 3349 2254 3381 ἰἈ
