2254 3814
352 186 475 244 440
1092 184 1424 241 PROCOPII

351 328 534 401 ὅρκους
551 350 605 383 τε
630 327 804 388 αὗτοΐς
838 324 1096 380 ἐπέστελλε
1117 326 1232 396 περὶ
1268 323 1524 396 σωτηρίας
1557 328 1609 378 Γ
1605 320 1831 395 ελῖμερός
1865 346 1919 379 τε
1957 327 2042 378 καὶ
2066 331 2169 379 τῶν

349 417 439 478 ξὺν
476 414 616 485 αὐτῷ
655 409 880 478 διδόναι,
925 413 1010 464 καὶ
1035 408 1105 472 ὥς
1129 406 1355 478 ἐπίτιμός
1387 431 1442 463 τε
1471 410 1613 482 παρὰ
1634 415 1838 478 βασιλεῖ
1854 412 1936 462 καὶ
1968 410 2171 472 οὐδενὸς

349 498 518 566 ἐνδεὴς
545 498 636 566 εἴη.
727 498 867 566 οἵπερ
899 494 1003 549 ἐπεὶ
1032 495 1174 566 παρὰ
1206 495 1294 548 τὸν
1333 492 1520 566 Φάραν
1557 495 1831 566 ἀφίκοντο,
1879 489 2042 562 ἦλθον
2081 495 2170 557 ξῦν

351 584 490 654 αὐτῷ
526 581 578 644 ἔς
610 602 659 635 τι
685 583 874 651 χωρίον
913 581 1055 651 παρὰ
1089 580 1178 634 τὸν
1219 584 1312 634 τοῦ
1352 579 1505 650 ὅρους
1542 578 1812 649 πρόποδα,
1869 578 2000 633 ἔνθα
2027 581 2171 649 σφίσι

347 673 399 723 Γ
396 668 561 737 ελίμερ
610 664 963 735 μετάπεμπτος
999 660 1131 734 ἦλθε
1174 667 1258 718 καὶ
1292 664 1359 718 τὰ
1392 663 1546 718 πιστᾶ
1582 664 1758 732 λαβὼν
1782 657 1910 735 ᾗπερ
1934 662 2213 732 ἓβούλετοᾶ

347 754 399 815 ἔς
424 749 740 822 Καρχηδόνα
777 750 866 814 ξὺν
903 750 1078 812 αἰτοΐς
1120 743 1253 819 ἧκεν.
1342 747 1577 820 ἐτύγχανε
1628 750 1684 802 δὲ
1719 747 2021 819 Βελισοῖριος
2057 752 2173 802 δια-

345 834 529 908 τριβήν
552 857 665 889 τινα
689 837 740 888 ἓν
768 840 842 908 τῷ
870 841 962 903 τῆς
983 833 1177 896 πόλεως
1201 836 1487 908 προαστείῳ
1510 831 1825 902 ποιούμενος,
1854 832 1977 905 ὅπερ
1987 833 2175 896 Ἄκλας

172 933 209 976 Ρ
237 930 322 979 252
349 927 607 978 καλοῦσιν.
695 920 825 974 ἔνθα
863 920 928 990 δὴ
966 918 992 974 ὃ
1028 924 1078 973 Γ
1075 922 1240 990 ελίμερ
1272 920 1402 991 ’παρ’
1431 919 1589 973 αὐτὸν
1617 921 1823 986 εἰσῆλθε
1839 959 1856 986 ,
1903 924 2061 989 γελῶν
2091 920 2174 989 γε’-

347 999 489 1061 λωτα
529 1004 644 1060 οὔτε
678 1011 878 1076 φαῦλον
917 1004 1032 1059 οἵτε
1068 1003 1387 1076 κρύπτεσθαι
1411 1004 1582 1058 ἱκανὸν
1608 1003 1763 1070 ὄντα,
1809 1009 1910 1057 τῶν
1941 1024 1995 1058 τε
2019 1004 2175 1057 αὐτὸν

319 1158 325 1161 ι
348 1091 623 1158 θεωμένων
645 1089 764 1144 ἔνιοι
788 1091 882 1158 μὲν
918 1095 982 1162 τῇ
1006 1095 1098 1144 τοῦ
1124 1088 1330 1152 πάθους
1352 1087 1612 1160 ὖπερβολῇ
1650 1086 1886 1143 ἁπάντων
1914 1111 1967 1143 τε
2004 1090 2173 1142 αὐτῶν
2192 1095 2214 1139 1

348 1178 588 1246 ἐκστῆναι
623 1181 725 1229 τῶν
745 1175 877 1228 κατὰ
911 1172 1064 1246 φύσιν
1084 1172 1384 1229 ὑπώπτευον
1419 1176 1504 1228 καὶ
1528 1173 1887 1245 παραπαίοντα
1921 1173 2015 1243 ἤδη
2043 1172 2176 1247 λόγῳ

351 1262 519 1316 οἰδενὶ
558 1261 650 1314 τὸν
687 1259 882 1326 γέλωτα
926 1259 1067 1327 ἔχειν.
1155 1259 1203 1313 οἳ
1238 1258 1411 1327 μέντοι
1446 1259 1586 1330 φίλοι
1625 1258 1860 1328 ἀγχίνουν
1885 1280 1940 1312 τε
1967 1259 2055 1313 τὸν
2084 1258 2177 1312 ἅν-

350 1352 568 1417 θρωπον
595 1342 867 1412 ἐβούλοντο
907 1342 1032 1397 εἶναι
1057 1345 1141 1398 καὶ
1173 1342 1297 1417 (ἅτε
1324 1345 1486 1406 οῗκιάς
1515 1344 1608 1413 μὲν
1627 1348 1895 1412 βασιλικῆς
1916 1341 2172 1414 γεγονότα,

348 1432 401 1493 ἔς
424 1431 687 1499 βασιλείαν
726 1430 782 1483 δὲ
816 1427 1205 1498 οἷναβεβηκότα,
1253 1432 1338 1482 καὶ
1372 1426 1587 1498 δύναμίν
1611 1449 1665 1481 τε
1698 1429 1912 1501 ἲσχυράν
1933 1427 2178 1500 χρήματά

338 1534 405 1569 ’τε
441 1512 637 1585 μεγάλα
674 1516 728 1568 ἐκ
759 1512 942 1576 παιδὸς
982 1514 1101 1586 ἄχρι
1141 1516 1226 1567 καὶ
1256 1515 1308 1576 ἐς
1340 1519 1504 1585 γῆρας
1528 1512 1949 1584 περιβαλόμενον,
1988 1513 2095 1568 εἶτα
2127 1517 2217 1578 ἔς1

350 1598 517 1671 φυγήν
543 1621 597 1655 τε
624 1602 708 1653 καὶ
731 1599 845 1662 δέος
875 1599 1005 1653 πολὺ
1030 1596 1315 1668 ἐμπεσόντα
1344 1602 1427 1652 καὶ
1450 1596 1802 1676 κακοπάθειαν
1824 1600 1917 1668 τὴν
1941 1601 1994 1655 ἐν
2018 1605 2180 1654 Παπ-

283 1690 320 1735 Β
351 1683 487 1760 ποῦιιι
509 1682 806 1739 ὑποστάντα
818 1725 836 1750 ,
882 1687 966 1738 καὶ
995 1691 1085 1739 νῦν
1107 1686 1160 1738 ἓν
1186 1681 1523 1753 αι’χμαλώτων
1547 1680 1680 1758 λόγῳ
1706 1683 1895 1753 ἥκοντα
1911 1726 1928 1752 ,
1973 1683 2179 1740 πάντων

351 1792 406 1825 τε
433 1769 596 1842 ταύτῃ
631 1775 736 1823 τῶν
778 1769 879 1823 ἀπὸ
914 1775 1007 1838 τῆς
1039 1767 1196 1839 τύχης
1234 1769 1448 1840 ἀγαθῶν
1476 1790 1530 1823 τε
1560 1771 1644 1822 καὶ
1679 1767 1924 1840 φλαύρων
1955 1771 2008 1824 ἐν
2030 1772 2179 1845 πείρᾳ

350 1852 625 1926 γεγονότα)
654 1854 813 1908 ἄλλου
858 1854 1063 1918 οὐδενὸς
1098 1855 1216 1918 ἄξια
1251 1855 1316 1908 τὰ
1350 1851 1647 1926 ἀνθρώπεια
1682 1854 1712 1922 ἢ
1746 1855 1962 1924 γέλωτος
1986 1861 2180 1910 πολλοῦ

353 1941 557 1995 οἴεσθαι
589 1938 730 1996 εἶναι.
780 1942 892 2011 περὶ
924 1941 1017 2008 μὲν
1044 1935 1134 1994 οὖν
1155 1945 1248 1994 τοῦ
1279 1939 1513 2008 γέλωτος,
1562 1938 1619 1992 ὃν
1640 1942 1853 2012 Γελίμερ
1875 1941 2048 2011 ἐγέλα,
2095 1947 2179 1995 λε-

351 2026 480 2095 γέτω
518 2026 729 2086 ἕκαστος
754 2022 824 2086 ὥς
860 2048 930 2093 πη
952 2022 1210 2095 γινώσκει,
1258 2027 1341 2078 καὶ
1378 2025 1567 2093 ἐχθρὸς
1595 2027 1678 2078 καὶ
1706 2026 1868 2096 φίλος.
1956 2024 2181 2080 ,Βελισοῖ-

358 2130 469 2180 ριος
504 2111 560 2163 δὲ
611 2110 663 2172 ἐς
695 2110 911 2178 βασιλέα
956 2109 1025 2173 ὡς
1066 2115 1116 2164 Γ
1114 2111 1279 2181 ελίμερ
1320 2107 1632 2181 δοριάλωτος
1682 2109 1758 2179 εἴη
1797 2111 1849 2164 ἓν
1883 2110 2181 2182 Καρχηδόνι

353 2194 625 2265 ἀνενεγκών
648 2193 754 2266 ᾔτει
793 2194 882 2257 ξὺν
912 2195 1051 2269 αὐτῷ
1087 2197 1138 2257 ἐς
1166 2192 1448 2260 Βυζάντιον
1473 2193 1769 2266 ἀφικέσθαι.
1857 2193 1967 2263 ῧμα
2001 2199 2058 2250 δὲ
2084 2196 2181 2250 αὖ·

353 2277 444 2333 τόν
475 2301 529 2333 τε
555 2282 636 2332 καὶ
676 2281 964 2343 Βανδίλους
998 2279 1228 2342 ἅπαντας
1260 2281 1352 2335 οὐκ
1383 2281 1435 2333 ἓν
1472 2279 1649 2358 ἀτιμία
1683 2276 1937 2352 ἐφύλασσε
1970 2283 2055 2335 καὶ
2091 2282 2180 2336 τὸν
2214 2320 2219 2324 -

353 2361 539 2420 στόλον
564 2366 615 2418 ἐν
638 2371 934 2438 παρασκευῇ
960 2368 1185 2421 ἐποιεῖτο.

466 2471 537 2515 22.
566 2469 876 2529 δοριάλωτος]
910 2473 1200 2531 δορυοὶλωτος
1227 2473 1278 2518 Ρ.

356 2556 507 2603 lumem
535 2558 634 2600 fore
663 2571 757 2602 cum
783 2558 873 2601 suis
904 2559 1176 2611 Gelimerem,
1205 2560 1261 2603 ab
1290 2558 1482 2615 Augusto
1511 2555 1748 2602 honorifice
1774 2556 1964 2603 habitum
1991 2557 2072 2611 iri,
2101 2573 2180 2603 nec
2250 2545 2254 2591 ⁴³

354 2613 440 2669 ipsi
469 2613 695 2670 quidquam
734 2614 994 2658 defuturum.
1051 2617 1119 2660 Ad
1158 2617 1342 2660 Pharum
1373 2615 1436 2658 illi
1474 2629 1567 2658 cum
1611 2614 1932 2671 pervenissent,
1975 2630 2060 2658 una
2089 2631 2182 2659 cum
2249 2625 2254 2661 ἐ

357 2684 408 2711 eo
439 2683 486 2712 se
514 2672 783 2714 contulerunt
812 2672 867 2715 ad
899 2673 1051 2716 montis
1079 2673 1275 2717 radices:
1317 2686 1402 2730 quo
1434 2677 1479 2714 et
1506 2672 1603 2728 ipse
1635 2672 1752 2714 venit
1781 2673 1944 2715 accitus
1974 2673 2181 2726 Gelimer,

359 2732 405 2767 et
433 2734 613 2782 accepta
642 2728 726 2771 fide
756 2744 809 2771 ex
840 2729 967 2773 animi
996 2731 1224 2785 sententia,
1256 2729 1560 2785 Carthaginem
1589 2743 1683 2771 cum
1713 2727 1819 2785 ipsis
1849 2731 2070 2785 profectus
2099 2735 2181 2774 est.

356 2783 407 2827 In
434 2784 704 2837 suburbano,
751 2786 818 2828 cui
862 2801 1011 2830 nomen
1049 2789 1199 2840 Aclas,
1247 2799 1507 2830 commorans
1548 2791 1648 2828 tunc
1677 2785 1934 2841 Belisarius‚
1973 2786 2035 2829 ibi
2065 2787 2180 2830 illum

357 2839 547 2895 accepit,
589 2841 724 2884 effuse
762 2843 900 2898 palam
941 2844 1164 2888 ridentem.
1225 2845 1321 2896 Quo
1363 2843 1487 2896 viso,
1527 2843 1699 2911 quidam
1728 2857 1753 2885 e
1780 2848 1897 2886 statu
1926 2843 2075 2886 mentis
2105 2843 2183 2886 de-

358 2896 515 2938 iectum
546 2911 640 2941 esse
669 2899 921 2943 calamitatis
951 2902 1137 2956 ingentis
1170 2901 1242 2954 vi,
1272 2916 1324 2944 ac
1353 2901 1436 2943 iam
1466 2900 1669 2953 delirum,
1698 2900 1843 2943 ridere
1871 2899 1963 2943 sine
1991 2915 2040 2942 re
2068 2899 2183 2942 iudi-

359 2954 530 2997 cabant.
593 2955 728 2998 Amici
757 2971 861 2999 vero
894 2960 1170 3014 pugnabant,
1209 2958 1299 3001 acri
1341 2958 1479 3015 ipsum
1514 2957 1670 3000 iudicio
1710 2956 1899 3013 pollere,
1932 2960 1974 2999 et
2002 2956 2181 3001 humana

359 3010 498 3052 omnia
525 3009 614 3053 risu
643 3018 805 3056 tantum
834 3013 964 3069 digna
993 3015 1171 3058 maximo
1212 3016 1399 3058 duceret
1438 3019 1661 3075 postquam
1699 3013 1794 3069 ipse
1822 3013 1941 3068 regio
1972 3014 2180 3068 sanguine
2238 3002 2254 3069 ξ

360 3073 533 3118 cretus,
579 3081 753 3122 regnum
783 3071 994 3128 adeptus,
1033 3073 1206 3115 summis
1224 3073 1386 3128 =opibus
1415 3071 1662 3127 divitiisque
1691 3068 1956 3126 amplissimis
1986 3084 2012 3111 a
2043 3085 2177 3126 puero
2243 3077 2254 3118 ζ’

360 3123 416 3166 ad
461 3130 723 3167 senectutem
762 3127 941 3178 fruitus,
983 3128 1199 3183 fugisset,
1249 3129 1535 3185 trepidasset,
1580 3125 1803 3169 durissima
1846 3126 2094 3182 pertulisset
2133 3127 2179 3170 in
2251 3126 2254 3173 ξ

358 3186 500 3223 monte
534 3181 727 3238 Pappua,
757 3183 838 3225 iam
869 3183 1051 3240 denique
1081 3186 1275 3241 captivus
1303 3189 1537 3235 teneretur,
1567 3189 1786 3238 utramque
1813 3183 2022 3226 fortunam
2054 3184 2179 3241 plene
2249 3235 2254 3238 Δ

361 3244 580 3292 expertus.
638 3243 695 3281 At
722 3239 841 3282 illum
870 3240 1096 3283 Gelimeris
1124 3243 1250 3285 risum
1282 3256 1357 3298 pro
1387 3255 1462 3283 suo
1489 3239 1667 3296 quisque
1694 3252 1849 3291 sensu,
1890 3245 1976 3283 tum
2006 3241 2179 3292 amicus,
2227 3239 2254 3268 '¹

360 3300 448 3336 tum
478 3295 698 3348 inimicus,
727 3296 1051 3352 interpretetur.
1110 3298 1214 3340 Mox
1243 3297 1477 3340 Belisarius
1507 3303 1682 3352 captum
1726 3295 1979 3339 Gelimerem
2009 3297 2178 3340 servari
2248 3285 2254 3315 ¹

363 3351 624 3407 Carthagine
661 3352 916 3409 Imperatori
959 3353 1200 3409 significat,
1243 3354 1459 3409 instatque
1498 3358 1546 3394 ut
1587 3367 1681 3394 cum
1721 3367 1772 3395 eo
1810 3353 2062 3408 Byzantium
2094 3354 2179 3397 sibi
2239 3324 2254 3411 l

361 3408 492 3451 liceat
535 3409 752 3464 navigare.
819 3410 990 3453 interea
1026 3411 1162 3469 ipsum
1203 3425 1427 3467 omnesque
1467 3409 1683 3453 Vandalos
1721 3409 1765 3453 iu
1805 3410 1975 3454 liberali
2015 3411 2175 3454 habens
2239 3412 2254 3448 3

362 3465 578 3519 custodia,
618 3469 793 3511 classem
823 3467 1006 3511 ornavit.
2235 3446 2254 3514 ,i

2239 3672 2254 3814 adana-
