2254 3814
333 156 456 225 310
1076 162 1409 252 Pnocopn

333 304 434 362 ἀπό
476 328 531 361 τε
567 305 827 374 Γαδείρων
867 304 951 356 καὶ
985 307 1079 370 τῆς
1114 300 1287 374 ἑτέρας
1315 307 1418 356 τῶν
1435 299 1744 371 Ἡρακλέους
1773 306 1987 368 στηλῶν.
2053 307 2149 355 Σε-

331 392 459 446 πτόν
486 395 697 444 καλοῦσι
721 388 778 441 τὸ
807 388 964 459 ἐκείνῃ
989 385 1235 458 φρούριον
1259 387 1307 441 οἳ
1329 383 1579 456 ἐπιχώριοι
1591 426 1608 452 ,
1654 382 1827 455 λόφων
1851 391 2000 438 τινῶν
2024 384 2152 439 ἔπτὰ

335 474 650 548 φαινομένων
692 473 950 526 ἐνταῦθα·
1008 473 1068 526 τὸ
1102 473 1200 544 γὰρ
1236 473 1434 547 σέπτονᾼ
1457 469 1586 524 ἔπτὰ
1624 474 1688 540 τῇ
1723 472 1970 522 Λατίνων
2008 477 2151 541 φωνῇ

330 558 560 616 δύναται.
625 555 658 626 ἦ
689 559 744 610 δὲ
784 556 1054 628 ἀντιπέρας
1088 558 1219 630 αὐτῇ
1258 554 1500 624 ξύμπασα
1527 551 1751 625 Εὐρώπη
1776 548 1982 623 ἐκλήθη.
2069 558 2154 607 καὶ

267 663 305 705 c
336 643 361 699 ὃ
387 645 478 711 μὲν
503 639 668 714 ταύτῃ
695 642 936 713 πορθμὸς
957 642 1192 714 τέτταρσι
1225 644 1309 695 καὶ
1336 638 1644 712 ὀγδοήκοντα
1676 640 1904 702 σταδίοις
1929 637 2193 707 μάλισταὸ

329 729 535 800 ’ἤπειρον
565 726 808 798 ἑκατέραν
839 728 1064 798 διείργει,
1110 728 1169 782 τὸ
1196 729 1252 780 δὲ
1280 729 1515 782 ἐντεῦθεν
1543 723 1776 795 πελάγεσι
1799 723 2034 794 μεγάλοις
2061 726 2157 778 ἆλ-

329 811 509 882 λήλαιν
537 812 756 881 διέχετον
778 811 951 882 μέχρις
969 810 1359 882 Ἑλλησπόντου.
1445 809 1607 883 ταύτῃ
1630 811 1725 882 γὰρ
1750 812 1975 874 ξυνίασιν
2002 805 2157 872 αὖθις

330 898 464 970 ἀμφὶ
502 896 705 967 Σηστόν
741 919 795 952 τε
836 900 918 951 καὶ
953 898 1206 966 Ἄβυδον,
1273 900 1358 952 καὶ
1401 895 1554 951 πάλιν
1590 896 1642 950 ἕν
1677 917 1732 949 τε
1770 895 2036 967 Βυζαντίῳ
2073 898 2157 948 καὶ

332 980 628 1053 Καλχηδόνι
664 982 810 1054 μέχρι
846 989 949 1037 τῶν
983 981 1142 1037 πάλαι
1169 984 1392 1038 κυανέων
1417 981 1695 1053 λεγομένων
1717 986 1944 1050 πετρῶν,
1989 974 2048 1034 οὗ
2073 984 2156 1033 καὶ

146 1083 185 1126 V
217 1082 303 1128 344
330 1074 421 1123 νῦν
452 1066 607 1140 Ἱερὸν
651 1066 963 1136 ὀνομάζεται.
1056 1071 1109 1123 ἐν
1146 1066 1346 1131 τούτοις
1380 1068 1478 1139 γὰρ
1517 1067 1580 1136 δὴ
1617 1075 1723 1128 τοῖς
1752 1068 1958 1137 χωρίοις
1985 1067 2155 1141 μέτρω
2173 1073 2226 1114 10

329 1155 647 1228 δεκασταδίῳ
673 1175 727 1207 τε
753 1156 839 1206 καὶ
862 1150 1047 1209 τούτου
1072 1152 1308 1209 ἐλάσσονι
1334 1156 1647 1230 διείργεσθον
1674 1150 1933 1219 ἆλλήλαιν.

493 1266 616 1321 Ἀπὸ
656 1267 712 1320 δὲ
749 1272 844 1335 τῆς
878 1265 1053 1336 ἑτέρας
1090 1272 1193 1321 τῶν
1230 1264 1541 1337 Ἡρακλέους
1577 1269 1778 1333 στηλῶν
1810 1265 1955 1336 μέχρι
1984 1265 2034 1327 ἒς
2065 1265 2157 1333 τὴν

327 1350 506 1423 ἑτέραν
539 1351 626 1405 διὰ
655 1356 749 1420 τῆς
779 1349 934 1424 ᾐόνος
964 1349 1119 1418 idm,
1167 1353 1252 1404 καὶ
1287 1350 1348 1405 οὗ
1391 1350 1756 1422 περιερχομένῳ
1783 1346 1970 1403 κόλπον
1992 1372 2045 1403 τε
2067 1351 2157 1404 τὸν

261 1453 302 1497 D
326 1434 502 1491 Ἰόνιον
536 1438 620 1490 καὶ
654 1437 744 1490 τὸν
780 1436 1018 1501 Εὔξεινον
1043 1434 1352 1505 καλούμενον
1377 1433 1590 1502 πόντον,
1636 1434 1752 1488 ἀλλ’
1784 1434 1837 1488 ἔκ
1863 1456 1916 1488 τε
1943 1439 2158 1505 Καλχη-

330 1520 479 1584 δόνος
501 1522 552 1584 ἒς
572 1518 852 1587 Βυζάντιον
876 1522 929 1576 ἔκ
949 1544 1003 1576 τε
1021 1521 1331 1593 εΥδροῦντος
1354 1522 1404 1583 ἐς
1424 1519 1631 1592 ἤπειρον
1653 1521 1746 1589 τὴν
1770 1519 2038 1591 ἀντιπέρας
2063 1543 2156 1574 κα-
2174 1532 2225 1576 15

327 1609 575 1677 ταίροντι,
621 1607 767 1661 πέντε
792 1610 874 1661 καὶ
899 1606 1213 1678 ὀγδοήκοντα
1237 1610 1322 1660 καὶ
1349 1607 1621 1659 διακοσίων
1648 1603 1768 1668 ὁδὸς
1793 1603 1994 1675 ἡμερῶν
2022 1609 2158 1660 ἐστιν

327 1690 524 1766 εὐζώνῳ
565 1691 728 1764 ἀνδρί.
816 1694 882 1747 τὰ
921 1693 1018 1765 γὰρ
1058 1694 1190 1764 ἀμφὶ
1231 1693 1320 1746 τὸν
1357 1690 1595 1754 Εὔξεινον
1623 1689 1837 1757 πόντον,
1880 1691 1935 1754 ὃς
1965 1693 2019 1745 ἐκ
2045 1696 2157 1744 Βυ-

327 1779 529 1843 ζαντίου
559 1785 720 1849 χωρεῖ’
749 1778 801 1840 ἒς
834 1779 927 1849 τὴν
959 1780 1169 1848 λίμνην,
1217 1776 1420 1831 ἅπαντα
1446 1777 1891 1847 ἀκριβολογεῖσθαι
1917 1775 2157 1845 ἀμήχανα

324 1857 419 1931 ἦν,
461 1861 746 1934 βαρβάρων
786 1869 888 1917 τῶν
926 1862 1054 1934 ὑπὲρ
1094 1863 1327 1931 ποταμὸν
1348 1861 1552 1933 Ἴστρον
1563 1903 1580 1928 ,
1640 1861 1699 1916 ὃν
1739 1864 1823 1915 καὶ
1862 1861 2158 1930 Λανούβιον

329 1952 568 2013 καλοῦσι,
607 1945 875 2017 Ῥωμαίοις
910 1949 1077 2018 βατὴν
1113 1947 1297 2018 ἥκιστα
1332 1945 1646 2016 ποιουμένων
1679 1947 1774 2016 τὴν
1795 1948 1954 2019 ε’κείνῃ
1978 1947 2228 2018 ἀκτὴν,20

439 2112 483 2155 3.
513 2109 708 2167 σε’πτον]
739 2110 902 2168 σέπτεμ
931 2113 1023 2156 Pm.
1162 2114 1204 2157 5.
1235 2109 1473 2168 τέτταρσι]
1502 2107 1685 2165 τέταρσι
1712 2110 1761 2153 Ρ.
1893 2112 1959 2156 13.
1988 2109 2155 2169 ᾐόνος]

437 2163 599 2223 η’ϊόνος
627 2170 677 2211 Ρ.
811 2170 878 2214 14.
913 2167 1239 2226 Καλχηδόνος]
1271 2166 1568 2223 Χαλκηδόνος
1597 2169 1654 2213 Η.
1710 2165 1994 2226 καρχηδόνος
2022 2171 2157 2214 BHm.

440 2226 710 2282 Carthagine
738 2225 834 2269 RV.
952 2230 1018 2271 15.
1043 2226 1351 2282 ’Ῥδροῦ-ντος]
1381 2227 1636 2281 δρυοῦντος
1663 2225 1762 2270 HL.
1821 2225 2048 2282 Hydrunte
2063 2229 2157 2271 RV.

435 2281 748 2385 DlyrrBhgchium
792 2283 937 2341 posuit
975 2285 1322 2341 Kanngiesserus
1359 2284 1432 2331 hic
1468 2289 1514 2328 et
1552 2297 1596 2342 p.
1623 2285 1726 2337 311,
1752 2283 1797 2326 9.
1970 2287 2038 2330 18.
2080 2284 2157 2344 ἐς]

437 2354 465 2389 ὃ.
483 2355 505 2392 Β
610 2373 622 2388 ο

323 2480 462 2524 ludem
496 2480 757 2526 Maeotidem
798 2497 826 2526 a
854 2483 1051 2527 Gadibus
1093 2485 1139 2528 et
1167 2483 1452 2528 columnarum
1482 2483 1789 2527 Herculem-um
1832 2482 1970 2526 altera
1997 2499 2157 2543 propa-

324 2543 454 2592 gato:
510 2553 594 2595 qua
623 2539 667 2582 in
719 2554 794 2583 ora
823 2541 926 2597 quia
955 2542 1083 2584 colles
1112 2547 1330 2597 exurgunt
1355 2549 1542 2598 septem,
1595 2545 1827 2597 propterea
1855 2541 2066 2584 conditum
2094 2543 2157 2586 ibi

324 2594 542 2636 castellum
579 2595 811 2652 indigenae
841 2598 1019 2654 Septum
1050 2598 1290 2655 appellant:
1345 2598 1458 2654 quod
1489 2597 1596 2640 enim
1637 2594 1752 2642 ἑπτά
1799 2598 1995 2651 Graece,
2045 2599 2158 2642 idem

323 2650 479 2694 Latine
507 2665 589 2693 vox
622 2654 794 2708 Septem
825 2655 955 2697 valet.
1016 2656 1235 2713 Opposita
1264 2657 1497 2707 continens,
1527 2661 1856 2711 quantacunque
1885 2661 1975 2708 est,
2017 2656 2158 2699 Euro-

322 2721 407 2764 pae
436 2708 642 2751 vocabulo
672 2712 1058 2766 comprehenditur.
1115 2713 1252 2756 Porro
1295 2713 1450 2756 fretum
1480 2713 1740 2755 Gaditanum
1769 2719 1991 2768 utramque
2020 2713 2159 2757 conti-

324 2768 495 2810 nentem
535 2763 763 2813 intervallo
800 2769 1031 2811 stadiorum
1071 2769 1164 2813 sere
1195 2784 1369 2814 Lxxxrv.
1399 2769 1616 2812 discernit.
1673 2768 1776 2812 Inde
1817 2770 1952 2812 vastis
1982 2771 2158 2813 marium

2245 2693 2254 2716 i

325 2820 535 2863 tractibus
566 2835 592 2863 a
620 2836 668 2865 se
697 2822 877 2867 invicem
917 2824 1169 2869 dirimuntur
1196 2841 1330 2883 usque
1373 2827 1426 2869 ad
1457 2826 1804 2882 Hellespontum:
1848 2825 2055 2882 siquidem
2088 2827 2157 2870 bic
2234 2818 2254 2935 ³

325 2877 466 2920 denuo
493 2886 650 2922 coeunt
678 2881 793 2936 apud
825 2883 994 2924 Sestum
1025 2887 1070 2925 et
1099 2883 1317 2939 Abydum:
1349 2883 1449 2926 dein
1480 2897 1650 2940 quoque
1673 2882 1874 2939 Byzantii
1901 2891 1946 2925 et
1975 2884 2159 2926 Calcbe-
2235 2930 2247 2940 ,ἢ

325 2934 438 2978 done
467 2933 521 2976 ad
564 2941 711 2979 cautes
742 2950 875 2993 usque
908 2938 1045 2981 dictas
1076 2939 1170 2982 olim
1221 2941 1444 2995 Cyaneas:
1492 2939 1566 2982 ubi
1595 2940 1717 2982 Hieri
1747 2952 1896 2980 nomen
1928 2939 2156 2984 etiamnum

323 2996 488 3091 :ltiapeht
541 2992 708 3048 Quibus
748 2993 794 3036 in
822 2995 929 3038 locis
971 2995 1136 3038 nonnisi
1179 2997 1320 3054 spatio
1361 2995 1591 3039 stadiorum
1619 3010 1661 3038 x.
1702 2995 1824 3038 immo
1863 3009 1966 3039 vero
2005 2997 2156 3042 minori
2231 2989 2254 3054 ’ζ

354 3061 392 3090 is
413 3062 467 3090 an
491 3078 504 3091 .

439 3106 504 3147 Ab
536 3105 675 3148 altera
703 3107 902 3149 Herculis
930 3107 1121 3150 columna
1150 3108 1204 3150 ad
1235 3110 1434 3160 alteram,
1474 3107 1636 3164 legenti
1663 3107 1786 3150 littus
1815 3108 2014 3165 expedito
2044 3109 2156 3163 viro,
2232 3059 2254 3154 ξ

327 3176 407 3204 nec
436 3161 572 3204 sinum
600 3162 762 3206 Ionium
797 3165 1064 3222 Pontumque
1093 3165 1307 3208 Euxinum
1337 3164 1638 3216 circumeunti,
1665 3164 1739 3207 sed
1765 3164 2037 3209 Calchedone
2065 3169 2157 3223 By-
2228 3166 2254 3227 {5

327 3219 538 3270 zantium,
592 3223 638 3261 et
667 3221 900 3276 Hydrunte
927 3222 976 3263 *in
1006 3221 1214 3264 adversae
1244 3223 1496 3266 continentis
1529 3237 1644 3265 oram
1669 3222 1924 3275 traiicienti‚
1971 3223 2054 3266 iter
2090 3229 2157 3267 est
2228 3238 2241 3287 ’ἔ

326 3275 487 3318 dierum
519 3290 731 3320 cccxxxv.
793 3278 923 3328 Quod
953 3278 1108 3320 attinet
1137 3280 1191 3320 ad
1221 3280 1348 3321 Ponti
1378 3280 1577 3322 ambitum
1607 3279 1790 3332 Euxini,
1830 3280 1903 3335 qui
1932 3294 1959 3322 a
1987 3282 2156 3338 Byzan-

326 3332 387 3374 tio
427 3332 481 3374 ad
521 3334 714 3389 paludem
757 3334 1035 3386 diffunditur,
1087 3335 1237 3390 nequit
1264 3336 1300 3377 is
1332 3336 1454 3392 plene
1482 3341 1526 3378 et
1556 3342 1754 3379 accurate
1781 3336 1993 3390 describi,
2047 3354 2155 3394 quo-
2225 3300 2242 3399 ξ

327 3389 437 3432 niam
467 3391 649 3434 Barbari
679 3397 798 3434 trans
826 3391 1004 3434 fluvium
1037 3391 1219 3444 Istrum,
1248 3407 1370 3448 quem
1400 3399 1444 3436 et
1471 3394 1711 3436 Danubium
1741 3395 1980 3446 nominant,
2011 3396 2154 3450 positi,
2226 3405 2238 3450 ,ἢ

327 3447 530 3490 Romanis
557 3448 602 3490 in
633 3449 851 3506 regionum
893 3449 1057 3492 illarum
1085 3448 1235 3492 littora
1262 3450 1421 3494 aditum
1460 3458 1634 3507 negant.
1695 3451 1791 3494 Hoc
1819 3465 1942 3495 unum
1974 3460 2153 3507 constat,
2229 3509 2235 3517 q

2215 3627 2254 3814 i

2225 3155 2239 3172 f

2223 3251 2229 3262 ι

2216 3276 2218 3278 ¹
2225 3288 2230 3300 ι

2220 3317 2227 3338 Ι
