2184 3822
248 197 331 257 96
406 275 411 280 ἱ
995 194 1329 252 PROCOPH

247 349 356 406 τοῖς
378 341 634 409 πολεμίοις
660 332 1018 406 τολμήσαντες.
1080 335 1280 414 ἀπειρίᾳ
1299 337 1398 410 γὰρ
1421 341 1515 391 τοῦ
1536 334 1682 408 ἔργον
1703 334 1889 393 τούτου
1912 344 2076 411 πολλῇ

185 446 224 488 c
252 429 445 497 εἶβςοντο
457 469 473 493 ,
504 426 606 479 ἐπεὶ
631 423 746 493 ἄρτι
770 427 863 490 τῆς
886 422 1128 492 γεωργίας
1150 422 1385 495 ἀφέμενοι
1407 423 1458 485 ἔς
1479 424 1709 476 κίνδυνον
1735 424 1958 492 πολέμου
1983 446 2076 476 κα-

246 515 497 582 τέστησαν
511 552 527 576 ,
574 509 774 578 ἀγνῶτα
810 508 954 578 σφίσι
978 507 1044 560 τὰ
1066 506 1290 580 πρότερα
1311 508 1435 563 ὄντα
1448 549 1466 574 ,
1510 508 1673 562 καίτοι
1694 505 1919 576 μάλιστα
1945 506 2074 561 πάν-

245 620 349 653 των
377 596 521 650 αὐτοὶ
550 593 757 662 ἔναγχος
780 591 831 654 ἔς
865 592 960 660 τὴν
985 590 1155 663 μάχην
1181 594 1359 669 ἀγνοίᾳ
1384 592 1606 661 πολέμου
1630 592 1894 664 ὄργῶντες,
1924 597 2075 646 Βελι-

246 684 408 755 σαρίῳ
443 677 556 732 τότε
597 677 690 744 τὴν
725 679 913 732 δειλίαν
950 678 1215 744 ὠνείδιζον.
1306 678 1367 733 οὗ
1393 678 1498 747 μὴν
1521 677 1877 752 οὗδὲἺσαυροι
1909 678 2118 738 ἅπαν-5
2170 710 2177 742 2

244 789 326 829 τες
337 808 355 833 ,
403 763 532 818 ἀλλὰ
558 760 831 827 Λυκάονες
858 763 907 817 οἳ
928 769 1153 819 πλεῖστοι
1177 758 1326 832 ἦσαν.

417 874 722 948 Βελισοίριος
759 878 814 930 δὲ
851 876 940 940 ξῦν
979 878 1165 949 ὀλίγοις
1189 879 1319 932 τισὶν
1353 877 1583 931 ἐνταῦθα
1606 877 1807 944 μείνας,
1855 876 1951 939 ἕως
1983 877 2076 944 μὲν

246 964 369 1026 τοὺς
399 963 535 1035 ἀμφὶ
558 963 648 1016 τὸν
682 962 868 1017 Ἀσκᾶν
892 961 1195 1032 ἀντέχοντας
1233 961 1370 1034 ἑώρα
1417 964 1501 1015 καὶ
1540 961 1694 1024 αὗτὸς
1731 963 1820 1026 ξὺν
1843 971 1950 1024 τοῖς
1974 984 2077 1014 πα-

247 1055 394 1122 ροῦσι
422 1049 545 1111 τοὺς
567 1050 838 1116 πολεμίους
865 1045 1114 1116 ἠμύνατο.
1201 1049 1303 1102 ἐπεὶ
1326 1049 1382 1101 δὲ
1404 1047 1575 1102 αὐτῶν
1598 1047 1647 1100 οἱ
1668 1048 1762 1115 μὲν
1782 1036 1976 1114 ἔπεσον,
2023 1047 2074 1101 οἳ

251 1137 307 1189 δὲ
335 1133 432 1203 ὅπη
463 1131 706 1190 ἐδύναντο
749 1134 802 1196 ἐς
823 1135 988 1206 φυγὴν
1013 1133 1279 1204 ὥρμηντο,
1325 1129 1442 1187 τότε
1466 1133 1529 1202 δὴ
1556 1134 1642 1186 καὶ
1677 1132 1834 1195 αὐτὸς
1856 1132 1944 1195 ξὺν
1968 1140 2074 1194 τοῖς
2092 1138 2147 1183 10
2160 1125 2175 1207 =

249 1219 513 1289 ἑπομένοις
552 1218 728 1290 φυγὼν
770 1219 822 1281 ἐς
844 1224 946 1272 τῶν
982 1224 1141 1285 πεςῶν
1175 1219 1270 1286 τὴν
1309 1215 1544 1290 φάλαγγα
1579 1211 1760 1287 ἦλθεν,
1809 1218 1866 1272 οἳ
1892 1217 1981 1280 ξὺν
2002 1222 2075 1291 τῷ
2163 1210 2181 1232 '

180 1318 220 1360 D
249 1306 438 1379 Πέτρῳ
479 1304 550 1358 ἔτι
584 1300 832 1372 ἐμάχοντο
843 1344 863 1371 ‚
912 1303 971 1358 οὗ
1008 1305 1188 1358 πολλοὶ
1227 1302 1394 1370 ὄντες,
1441 1304 1546 1357 ἐπεὶ
1583 1305 1668 1356 καὶ
1702 1302 1871 1357 αὐτῶν
1899 1301 2076 1369 ἔτυχον

251 1389 521 1464 φεύγοντες
558 1390 607 1443 οἳ
646 1394 890 1446 πλεῖστοι.
979 1388 1111 1443 ἔνθα
1151 1388 1214 1456 δὴ
1242 1385 1398 1451 αὐτός
1435 1410 1489 1442 τε
1513 1388 1603 1442 τὸν
1622 1389 1781 1442 ἵππον
1807 1387 1970 1459 ἀφῆκε
1994 1389 2079 1441 καὶ

249 1475 449 1537 πάντας
473 1474 629 1528 ταυτὸ
662 1476 791 1544 δρᾶν
815 1473 938 1536 τοὺς
973 1471 1249 1542 ἑπομένους
1276 1472 1492 1540 ἐκέλευε,
1538 1472 1717 1539 πεζοὺς
1741 1471 1829 1537 ξὺν
1850 1481 1960 1535 τοῖς
1984 1471 2079 1526 ἄλ-
2155 1504 2159 1507 -
2180 1539 2181 1542 ¹

66 1575 106 1618 V
134 1574 221 1621 260
250 1567 358 1622 λοις
383 1559 505 1621 τοὺς
531 1556 765 1621 ἐπιόντας
790 1556 1110 1628 ἀμύνασθαι.
1198 1562 1421 1629 Περσῶν
1446 1558 1503 1612 δὲ
1531 1556 1643 1612 ὅσοι
1674 1566 1783 1620 τοῖς
1805 1555 2076 1631 φεύγουσιν
2091 1564 2165 1611 15

248 1649 475 1718 εἵποντο,
524 1643 597 1697 δι’
641 1643 810 1714 ὀλίγου
834 1644 929 1713 τὴν
955 1646 1126 1707 δίωξιν
1152 1639 1485 1714 ποιησάμενοι
1518 1643 1678 1706 εὐθὺς
1701 1644 1980 1712 ἐπανῆκον,
2025 1642 2076 1705 ἴς
2167 1638 2181 1658 ”

244 1754 300 1786 τε
341 1730 463 1792 τοὺς
488 1729 668 1795 πεζοὺς
700 1732 785 1783 καὶ
809 1728 1112 1802 Βελισάριον
1148 1730 1237 1794 ξὺν
1269 1738 1377 1792 τοῖς
1402 1728 1575 1791 ἄλλοις
1607 1727 1795 1783 ἅπασιν
1818 1727 2072 1800 ὥρμηντο.

245 1818 296 1871 οἱ
333 1817 390 1869 δὲ
423 1815 488 1868 τὰ
515 1820 654 1868 νῶτα
694 1816 745 1877 ἒς
781 1814 871 1869 τὸν
905 1814 1139 1884 ποταμὸν
1166 1814 1476 1886 τρέψαντες,
1522 1811 1660 1876 ὅπως
1690 1811 1764 1882 μή
1787 1835 1865 1876 τις
1900 1814 2078 1876 αὐτοῖς

242 1902 372 1974 πρὸς
405 1906 509 1954 τῶν
544 1901 798 1967 πολεμίων
836 1897 1084 1963 κύκλωσις
1130 1899 1352 1971 γένοιτο,
1428 1901 1482 1954 ἔκ
1516 1905 1619 1953 τῶν
1647 1897 1918 1970 παρόντων
1954 1899 2078 1962 τούς

242 1985 478 2048 ἐπιόντας
518 1982 790 2054 ἠμύνοντο.
882 1981 1039 2048 αὖθίς
1075 2006 1128 2039 τε
1163 1983 1195 2054 ἦ
1230 1982 1371 2055 μάχη
1407 1985 1631 2057 καρτερὰ
1658 1984 1852 2055 γέγονε,
1897 1986 2073 2056 καίπερ
2087 1995 2161 2040 20

246 2073 339 2127 οὒκ
380 2073 432 2134 ἐξ
471 2067 751 2124 ἀντιπάλου
787 2075 880 2138 τῆς
919 2067 1184 2140 δυνάμεως
1215 2065 1364 2125 οὖσα.
1451 2072 1595 2136 πεζοί
1625 2091 1679 2123 τε
1706 2070 1803 2142 γὰρ
1839 2072 1924 2124 καὶ
1960 2071 2075 2123 λίαν
2152 2078 2181 2142 ,²³

243 2158 402 2228 ὀλίγοι
434 2155 562 2227 πρὸς
588 2153 860 2223 ξύμπασαν
890 2154 1137 2226 ἐμάχοντο
1176 2156 1271 2226 τὴν
1292 2160 1514 2228 Περσῶν
1539 2157 1713 2210 ἵππον.
1802 2154 1862 2209 οὔ
1901 2155 2074 2224 μέντοι

247 2242 436 2305 αὐτοὺς
469 2242 517 2295 οἱ
548 2241 776 2309 πολέμιοι
802 2240 918 2295 οὔτε
950 2242 1230 2313 τρέπεσθαι
1272 2240 1388 2296 οὔτε
1427 2240 1594 2304 ἄλλως
1623 2237 1896 2310 βιάζεσθαι
1923 2238 2068 2309 εἶχον.

93 2333 131 2375 Ρ
160 2331 218 2378 56
248 2329 301 2383 ἐν
321 2333 436 2402 χρῷ
455 2348 509 2381 τε
532 2325 628 2399 γὰρ
656 2323 895 2396 ἀλλήλοις
931 2328 983 2391 ἐς
1010 2327 1178 2399 ὀλίγον
1204 2326 1280 2382 ἀεὶ
1306 2323 1633 2399 ξυναγόμενοι
1659 2328 1744 2380 καὶ
1769 2324 1837 2390 ὥς
1865 2323 2075 2397 ἰσχυρό-

245 2522 352 2565 Cum
382 2520 491 2564 enim
521 2519 575 2563 ab
605 2519 867 2575 agricultura
894 2521 979 2564 iam
1008 2534 1160 2564 recens
1188 2519 1242 2564 ad
1271 2519 1424 2578 ignota
1447 2518 1530 2563 sibi
1548 2519 1648 2564 belli
1669 2518 1912 2563 discrimina
1930 2524 2074 2562 trans-

243 2578 419 2630 iissent,
460 2577 676 2633 imperitia
719 2577 906 2620 districti
947 2578 1206 2631 haerebant3
1244 2578 1438 2635 quamvis
1464 2577 1550 2634 ipsi
1577 2577 1758 2621 omnium
1786 2576 1965 2619 maxime
1996 2591 2075 2632 pn-
2148 2581 2150 2590 '

245 2636 403 2692 gnandi
432 2634 610 2677 libidine
640 2635 811 2691 abrepti
839 2636 987 2688 modo,
1027 2635 1295 2692 timiditatem
1325 2635 1536 2678 Belisario
1565 2635 1955 2692 exprobraverant:
1998 2647 2074 2676 ne-

244 2708 330 2750 que
359 2705 503 2735 omnes
530 2695 654 2733 erant
681 2691 843 2743 Isauri,
873 2693 951 2735 sed
981 2694 1202 2749 Lycaones
1231 2691 1440 2749 plerique.

358 2747 590 2793 Belisarius
618 2762 747 2800 vero,
778 2748 851 2803 qui
882 2763 1015 2805 parva
1044 2750 1286 2793 succinctus
1314 2762 1437 2792 manu
1459 2749 1552 2791 loco
1577 2761 1661 2790 non
1682 2751 1896 2802 cesserat,
1926 2761 2072 2804 quam-

245 2806 320 2850 diu
348 2813 514 2850 restare
543 2803 655 2847 vidit
680 2805 858 2847 Ascanis
887 2813 1094 2859 turmam,
1136 2807 1297 2851 tamdiu
1325 2811 1371 2849 et
1398 2806 1494 2862 ipse
1523 2819 1615 2848 cum
1645 2819 1722 2848 sua
1750 2805 1911 2848 hostem
1941 2818 2071 2861 repu-
2143 2845 2146 2853 ,

242 2864 310 2908 lit.
366 2864 527 2906 Verum
553 2861 626 2904 ubi
656 2861 719 2903 illi
747 2862 901 2918 partim
931 2863 1204 2917 ceciderunt,
1235 2863 1389 2922 partim
1418 2876 1504 2920 quo
1533 2863 1703 2905 fortuna
1732 2862 1832 2906 tulit
1852 2863 2071 2918 sugerunt,

241 2926 331 2965 tum
358 2920 452 2977 ipse
482 2932 651 2975 quoque
682 2919 811 2961 cessit
842 2933 931 2962 cum
962 2920 1076 2974 suis,
1114 2936 1248 2978 seque
1274 2919 1440 2977 recepit
1468 2918 1523 2962 ad
1554 2919 1748 2975 pedites,
1778 2918 1851 2977 qui
1881 2917 2071 2976 quamvis
2139 2950 2142 2955 .

243 2980 402 3034 exiguo
434 2980 606 3019 numero
639 2975 755 3030 (iam
786 2976 893 3019 enim
924 2978 1092 3034 plurimi
1121 2977 1280 3036 dilapsi
1307 2977 1460 3032 erant)
1490 2990 1583 3019 cum
1611 2976 1744 3019 Petro
1773 2978 1912 3020 adbuc
1942 2971 2088 3033 prae-'
2155 2971 2177 2980 ”

241 3035 344 3078 lium
372 3034 655 3077 sustinebant.
712 3032 797 3075 Hic
824 3033 898 3076 ille
925 3033 1097 3077 dimisso
1126 3050 1266 3093 equo,
1303 3034 1415 3078 idem
1446 3046 1614 3085 omneS,
1644 3033 1720 3090 qui
1746 3033 1885 3091 ipsum
1913 3047 2070 3089 seque-

233 3093 428 3144 bantur,
457 3095 505 3133 ut
530 3091 753 3141 facerent,
784 3095 829 3132 et
856 3090 911 3133 ad
942 3092 1073 3147 pedes
1103 3091 1299 3148 degressi
1326 3093 1488 3134 bostem
1517 3090 1743 3132 coniuncte
1771 3095 1967 3133 arcerent
1991 3091 2071 3132 im-

244 3149 431 3207 peravit.
491 3147 745 3203 Quicunque
773 3146 991 3190 instabant
1020 3149 1281 3205 fugientibus
1306 3149 1500 3199 Persae,
1548 3147 1663 3189 haud
1703 3147 1829 3203 longe
1858 3146 2070 3205 provecti,
2148 3154 2173 3203 ‘¹

244 3207 417 3250 rediere
458 3204 626 3255 statim,
668 3209 712 3247 et
754 3218 845 3246 cum
882 3205 1049 3261 reliquo
1079 3206 1270 3250 exercitu
1297 3206 1343 3249 in
1361 3202 1541 3263 pedites
1569 3218 1619 3246 ac
1648 3203 1900 3247 Belisarium
1929 3205 2070 3247 irrue·
2143 3198 2171 3246 ι’

243 3269 358 3307 runt.
417 3263 528 3306 Tum
557 3261 645 3313 illi,
686 3275 740 3304 ne
769 3261 1175 3316 circumveniantur,
1217 3269 1343 3320 terga
1371 3260 1483 3305 amni
1511 3261 1762 3315 obvertere,
1794 3267 1838 3304 et
1867 3268 2068 3318 quantum

245 3336 270 3367 e
312 3335 361 3363 re
402 3325 504 3362 nata
540 3318 637 3361 fieri
677 3322 823 3375 potest
862 3319 917 3361 ad
958 3320 1285 3375 propulsandum
1322 3331 1616 3387 aggressorem
1656 3317 1828 3361 conniti.
1900 3318 2068 3362 Ardere

275 3377 415 3421 uidem
443 3390 600 3419 summo
627 3374 894 3418 instauratur
922 3384 1162 3427 certamen3
1203 3378 1280 3420 sed
1307 3375 1466 3433 iniquis
1493 3375 1671 3418 viribus.
1730 3375 1842 3418 Nam
1882 3375 2066 3434 pedites,
2140 3381 2147 3427 -ξ

242 3435 361 3491 iique
409 3434 570 3491 oppido
613 3431 737 3488 pauci
786 3438 935 3475 contra
973 3432 1212 3476 universum
1252 3434 1479 3476 Persarum
1529 3432 1762 3488 equitatum
1801 3434 2064 3490 pugnabant.
2140 3437 2142 3442 '
2173 3443 2175 3446 ⁴

244 3493 405 3538 Eorum
431 3498 570 3536 tamen
599 3490 732 3533 aciem
760 3503 840 3533 nec
866 3489 1074 3534 inclinare
1101 3491 1261 3543 hostis,
1304 3505 1384 3534 nec
1411 3503 1684 3547 perrumpere
1712 3490 1861 3534 valuit.
1916 3489 1967 3532 In
1994 3503 2066 3532 ar·
2143 3499 2151 3539 ξ
