2184 3822
240 197 323 259 74
625 204 628 211 “
976 201 1309 259 PROCOPII

235 346 304 414 τῇ
336 336 476 413 μάχῃ
514 342 671 414 ἐκείνῃ
706 346 769 413 τῇ
801 339 966 416 ’ἡμέρᾳ
1011 340 1321 413 ἡσσήθησαν
1350 340 1569 415 Πέρσαι.
1656 339 1789 397 οὕτω
1813 344 1907 412 μὲν
1951 343 2046 398 o'ciz'

237 425 470 495 ἀλλήλοιν
492 425 716 497 ἑκάτεροι
740 428 1086 496 διεκρίθησαν.
1171 430 1372 500 Πέρσαι
1415 430 1471 482 δὲ
1496 426 1658 482 οὐκέτι
1682 426 1851 497 μάχην
1880 428 1932 482 ἔκ
1958 434 2051 482 τοῦ

237 511 417 574 εὐθέος
447 514 499 574 ἐς
529 510 810 578 Ῥωμαίους
842 513 1098 583 διενεγκεῖν
1132 512 1338 583 ἤθελον.
1426 513 1649 583 ἐγένοντο
1683 513 1854 579 μέντοι
1879 513 2052 583 ἀμφο-

237 596 401 667 τέροις
438 598 567 658 τινὲς
602 599 654 658 ἐξ
681 597 958 667 ἐπιδρομῆς
983 597 1183 670 ἔφοδοι,
1233 600 1285 652 ἐν
1322 595 1404 662 αἷς
1445 597 1539 652 οὐκ
1577 597 1794 663 ἔλασσον
1817 595 2054 665 Ῥωμαῖοι

238 679 400 749 ἴσχον.
485 681 552 734 τὰ
574 682 667 749 μὲν
692 674 781 734 οὖν
807 679 1126 751 στρατόπεδα
1161 685 1212 737 ἓν
1237 684 1617 756 Μεσοποταμίᾳ
1640 685 1760 753 τῇδε
1788 682 2010 753 ἐφέρετο.
2065 695 2094 738 5

89 776 128 819 P
155 777 213 821 43
409 761 483 820 ιε’.
568 762 825 834 Καβάὸης
857 769 913 820 δὲ
946 767 1071 821 ἄλλο
1108 766 1398 840 στράτευμα
1425 770 1492 829 εἷς
1522 767 1783 834 Ἀρμενίαν
1808 766 1902 836 τὴν
1932 764 2057 820 Ῥω-

235 848 404 918 μαίων
427 846 677 918 κατήκοον
702 850 904 919 ἔπεμπε.
975 853 1034 906 τὸ
1076 854 1131 906 δὲ
1166 851 1459 923 στράτευμα
1483 856 1635 906 τοῦτο
1661 853 2057 922 Περσαρμενίων

238 956 292 987 τε
317 937 401 987 καὶ
426 941 686 990 Σουνιτῶν
707 930 868 1005 ἦσαν,
917 938 973 990 οἳ
1002 937 1067 1007 δὴ
1097 937 1325 1000 Ἀλανοῖς
1353 940 1476 990 εἰσιν
1502 934 1697 1007 ὅμοροι.
1791 930 1984 988 Οὗννοί
2002 956 2055 988 τε

238 1018 416 1082 αὐτοῖς
440 1020 488 1074 οἱ
514 1017 756 1091 Σάβειροι
789 1020 1088 1089 καλούμενοι
1108 1025 1368 1093 τρισχίλιοι
1397 1025 1647 1090 ξυνῆσαν,
1692 1017 2056 1088 μαχιμώτατον

236 1102 405 1165 ἔθνος.
494 1106 778 1175 στρατηγὸς
801 1107 855 1159 δὲ
879 1104 1216 1177 Μερμερόης,
1262 1108 1471 1178 Πέρσης
1507 1105 1635 1176 ἀνὴρ
1646 1146 1663 1171 ,
1711 1102 1898 1157 ἅπασιν
1922 1105 2126 1176 ἔφα-10,

237 1186 424 1257 στήκει.
513 1191 653 1262 οἵπερ
691 1191 860 1259 ἐπειδὴ
901 1189 1373 1254 Θεοδοσιουπόλεως
1395 1196 1548 1261 τριῶν
1575 1187 1776 1260 ἡμερῶν
1803 1187 1907 1262 ὁδῷ
1936 1192 2058 1242 ὃιεῖ-

230 1295 359 1342 χον,
405 1274 1017 1345 ἔνστρατοπεδευσάμενοί
1051 1298 1104 1330 τε
1130 1276 1303 1344 ἔμενον
1330 1278 1382 1329 ἐν
1409 1275 1807 1346 Περσαρμενίων
1829 1279 1891 1345 τῇ
1908 1271 2058 1347 χώρᾳ

238 1360 322 1411 καὶ
356 1359 422 1411 τὰ
458 1360 508 1421 ἐς
547 1360 644 1428 τὴν
669 1361 885 1429 ἐσβολὴν
908 1359 1225 1430 ἐξηρτύοντο.
1312 1358 1548 1430 ἐτύγχανε
1586 1361 1641 1413 δὲ
1668 1359 1934 1430 Ἀρμενίας
1965 1360 2058 1426 μὲν

174 1456 212 1499 Β
242 1443 538 1522 στρατηγὸς.
550 1441 862 1513 Δωρόθεος,
907 1445 978 1498 ὢν
1007 1445 1135 1514 ἀνὴρ
1170 1443 1377 1507 συνετός
1400 1466 1452 1498 τε
1479 1446 1564 1497 καὶ
1589 1444 1820 1511 πολέμων
1858 1448 2060 1496 πολλῶν

237 1526 490 1598 ἴμπειρος.
578 1531 768 1591 Σίττας
805 1531 860 1582 δὲ
898 1529 1059 1600 ἀρχὴν
1096 1531 1189 1598 μὲν
1226 1529 1319 1598 τὴν
1357 1530 1669 1599 στρατηγίδα
1707 1529 1759 1581 ἓν
1795 1529 2058 1600 Βυζαντίῳ
2076 1539 2129 1584 15

237 1609 353 1679 εἶχε,
397 1614 549 1666 παντὶ
576 1613 631 1665 δὲ
658 1619 729 1686 τῷ
755 1615 807 1667 ἐν
828 1614 1107 1683 Ἀρμενίοις
1127 1618 1333 1686 στρατῷ
1354 1611 1647 1685 ἐφειστήκει.
1737 1611 1794 1666 οἳ
1811 1613 1875 1681 δὴ
1901 1610 2062 1682 στρά-

237 1718 399 1764 τευμα
431 1698 684 1764 πολεμίων
715 1696 918 1768 γνόντες
950 1701 1002 1752 ἐν
1030 1700 1433 1770 Περσαρμενίοις
1467 1698 1787 1769 ἄγείρεσθαι,
1834 1694 2062 1767 δορυφό-

237 1802 362 1852 ρους
399 1782 558 1844 εὗθὺς
593 1781 685 1836 δύο
722 1783 982 1851 ἔπεμψαν,
1023 1784 1110 1854 ἐφ’
1155 1776 1196 1856 ᾧ
1225 1781 1654 1850 διασκοπήσαντες
1683 1781 1888 1835 ἅπασαν
1916 1782 2061 1852 σφίσι

233 1871 337 1919 τῶν
361 1867 612 1935 πολεμίων
639 1867 731 1935 τὴν
772 1867 986 1936 δύναμιν
1016 1870 1376 1938 ἐσαγγείλωσιν.
1465 1867 1621 1938 ἄμφω
1645 1888 1697 1920 τε
1725 1868 1776 1919 ἒν
1800 1872 1871 1938 τῷ
1900 1887 2060 1937 στρα-

233 1951 432 2023 τοπέδῳ
453 1957 556 2004 τῶν
577 1949 860 2022 βαρβάρων
895 1950 1148 2022 γενόμενοι
1180 1955 1263 2005 καὶ
1292 1951 1494 2006 ἅπαντα
1518 1953 1571 2015 ἔς
1593 1951 1649 2005 τὸ
1675 1951 1878 2021 ἀκριβὲς
1900 1972 2061 2004 κατα-
2072 1963 2135 2007 20

234 2033 510 2099 νοήσαντες
533 2035 944 2104 ἀπηλλάσσοντο.
1013 2036 1118 2109 ὁδῷ
1142 2059 1194 2091 τε
1220 2035 1379 2099 ἰόντες
1407 2036 1458 2098 ἴς
1480 2058 1527 2090 τι
1550 2042 1653 2090 τῶν
1675 2037 1832 2106 ἐκείνῃ
1858 2038 2061 2106 χωρίων

243 2119 457 2183 Οὕννοις
478 2122 737 2190 πολεμίοις
760 2119 1160 2194 ἀπροσδοκήτως
1189 2119 1589 2192 ἐντυγχάνουσιν.
1659 2118 1757 2192 ὑφ’
1790 2114 1860 2175 ὧν
1884 2119 2064 2192 ἅτερος

353 2271 422 2315 11.
451 2270 616 2326 τριῶν]
648 2269 686 2325 γ’
713 2271 764 2315 Ρ.
890 2273 960 2319 13.
987 2270 1047 2315 τοὶ
1078 2269 1124 2322 ἐς
1154 2272 1203 2314 Α.
1261 2268 1320 2315 τοὶ
1349 2286 1430 2315 om.
1460 2271 1511 2314 P.
1631 2273 1698 2317 16.
1728 2267 1983 2326 ἐφειστήκει
2010 2268 2061 2312 L.

349 2324 587 2383 ἐφεστήκει
615 2327 665 2370 Ρ.
796 2329 864 2373 17.
895 2329 1186 2386 ἀγείρεσθαι]
1215 2327 1471 2386 ἐγείρεσθαι
1498 2328 1548 2371 L.
1669 2329 1743 2373 22.
1774 2323 2061 2384 ἀπροσδοκή-

348 2385 465 2440 τως]
491 2382 854 2443 ἀπροσδοκήτοις
879 2386 932 2431 L.

237 2530 334 2570 rent
360 2526 570 2583 integram
599 2530 644 2570 et
672 2525 902 2582 illibatam,
933 2542 1025 2571 cum
1053 2528 1181 2585 longo
1209 2528 1292 2571 iam
1320 2526 1544 2570 intervallo
1573 2525 1752 2569 Romani
1779 2527 1937 2570 Persas
1969 2525 2062 2570 acie

239 2593 528 2640 superassent.
585 2584 653 2626 Ita
682 2584 910 2628 discessum
939 2593 1031 2629 est:
1063 2599 1202 2640 neque
1231 2585 1323 2628 ausi
1352 2591 1454 2627 sunt
1481 2585 1642 2626 Persae
1670 2589 1822 2640 postea
1849 2598 1941 2626 cum
1972 2585 2060 2626 Ro-

237 2641 368 2684 manis
396 2646 514 2683 recte
543 2646 587 2682 et
616 2640 771 2683 collato
802 2642 944 2684 Marte
972 2656 1192 2699 pugnare:
1233 2642 1350 2685 leves
1377 2647 1539 2683 tantum
1572 2639 1834 2684 incursiones
1861 2640 2062 2696 utrinque

225 2699 406 2796 factae,
449 2697 494 2739 in
529 2696 680 2753 quibus
708 2697 887 2741 Romani
915 2699 1030 2742 haud
1058 2699 1281 2743 inferiores
1310 2699 1499 2741 fuerunt.
1556 2696 1642 2740 Hic
1670 2703 1764 2741 erat
1793 2697 1892 2741 belli
1918 2705 2060 2740 status

233 2754 279 2798 in
357 2767 428 2796 eso
463 2754 631 2796 otamia.

352 2769 459 2856 15.p
481 2810 530 2852 In
560 2809 796 2854 Armeniam
824 2811 1024 2855 Romanis
1052 2813 1260 2856 subditam
1289 2810 1412 2854 alium
1442 2808 1640 2853 Cabades
1669 2811 1900 2855 exercitum
1928 2810 2058 2862 misit,

235 2881 262 2910 e
290 2867 581 2910 Persarmenis
609 2874 655 2909 et
684 2867 876 2920 Sunitis‚
907 2869 980 2923 qui
1007 2877 1107 2912 sunt
1134 2870 1281 2914 Alanis
1308 2866 1495 2919 finitimi,
1524 2869 1764 2911 conflatum.
1824 2868 1882 2910 lis
1909 2882 1956 2910 se
1979 2867 2060 2909 ad-

235 2924 463 2967 iunxerant
494 2923 578 2966 tria
607 2925 852 2967 Hunnorum
880 2926 1036 2978 millia,
1074 2941 1219 2971 eorum
1247 2926 1320 2982 qui
1350 2930 1556 2967 vocantur
1583 2925 1749 2967 Sabiriz
1785 2924 2060 2968 bellicosissi-

234 2995 303 3024 ma
332 2994 435 3023 sane
463 2994 584 3035 gens.
643 2983 902 3025 Mermeroes
930 2983 1063 3025 Persa
1092 2984 1279 3026 omnibus
1309 2986 1520 3039 praeerat.
1578 2982 1627 3023 In
1650 2981 1944 3024 Persarmenia
1965 2995 2059 3024 cum

233 3037 555 3086 substitissent,
602 3039 758 3081 castris
798 3039 980 3094 quodam
1019 3040 1064 3082 in
1108 3041 1201 3083 loco
1243 3039 1419 3097 positis,
1465 3037 1582 3080 unde
1610 3038 1665 3079 ad
1694 3038 2058 3094 Theodosiopolin

233 3094 321 3137 iter
351 3101 418 3137 est
443 3094 602 3147 tridui,
643 3095 698 3137 ad
726 3095 1005 3151 irruptionem
1043 3096 1279 3139 faciendam
1307 3110 1354 3139 se
1383 3095 1698 3150 comparabant.
1756 3097 1820 3136 Ac
1846 3101 1932 3137 tum
1963 3094 2060 3149 qui-

234 3151 330 3194 dem
359 3150 583 3193 Armeniae
611 3151 709 3194 Dux
739 3157 833 3194 erat
861 3153 1128 3205 Dorotheus,
1169 3153 1411 3210 intelligens
1453 3151 1555 3203 vir,
1587 3157 1632 3194 et
1671 3151 1892 3194 multorum
1923 3152 2059 3194 bello-

233 3222 326 3252 rum
354 3221 434 3250 usu
463 3207 638 3264 peritus.
696 3209 833 3250 Sittas
862 3223 964 3251 vero
993 3209 1205 3264 Magister
1232 3210 1406 3252 militum
1433 3208 1478 3250 iu
1508 3207 1724 3263 praesenti
1749 3222 1801 3249 ac
1829 3207 1950 3250 simul
1980 3221 2057 3264 per

234 3263 487 3309 Armeniam.
546 3266 606 3307 Hi
636 3279 726 3308 cum
756 3266 986 3308 exercitum
1013 3266 1060 3308 in
1089 3265 1386 3309 Persarmenia
1423 3264 1577 3307 confici
1615 3263 1873 3313 audiissent,
1914 3264 2056 3306 statim

232 3321 539 3365 ‚Praetutianus
583 3321 704 3365 binos
743 3337 795 3364 eo
841 3324 1069 3374 miserunt,
1109 3329 1159 3364 ut
1194 3324 1416 3379 explorate
1442 3320 1738 3364 renuntiarent
1776 3321 1877 3378 quid
1905 3321 2058 3363 virium

237 3379 416 3422 haberet
450 3376 597 3423 hostis.
653 3379 824 3434 Iamque
866 3379 911 3422 in
949 3385 1092 3421 castra
1131 3379 1416 3422 Barbarorum
1453 3377 1595 3434 illapsi
1637 3378 1782 3428 ambo,
1829 3378 2058 3432 diligenter

238 3435 442 3493 inspectis
469 3436 660 3479 omnibus
688 3437 1040 3487 revertebantur,
1069 3438 1113 3477 et
1140 3435 1329 3489 regionis
1354 3435 1470 3478 illius
1495 3435 1631 3477 locum
1659 3434 1802 3477 nescio
1829 3449 1952 3490 quem
1982 3448 2060 3490 pe-

239 3495 413 3547 tebant,
441 3506 534 3537 cum
561 3492 798 3550 improvide
825 3492 870 3537 in
897 3493 1074 3537 Hunnos
1102 3492 1354 3538 inciderunt.
1409 3492 1547 3535 Vivus
1574 3505 1716 3535 eorum
1744 3492 1883 3544 alter,
1911 3491 2059 3547 Daga-
