2254 3814
311 162 434 221 348
1061 162 1395 219 PROCOPH

310 307 516 360 οἰκετῶν
540 312 648 367 τοῖς
668 299 995 371 ἀτιμοτάτοις
1018 301 1282 358 εῗώθεσαν.
1373 303 1456 358 καὶ
1478 300 1650 375 ἔπει-δὴ
1681 299 1895 374 τάχιστα
1933 304 2135 360 ἓνθὲνδε

305 389 702 460 ἀπηλλάγησαν,
750 390 951 442 ε’ποίουν
978 390 1026 442 οἶ
1049 397 1142 443 τοῦ
1175 385 1466 457 Καβάωνος
1486 387 1800 445 κατάσκοποι
1829 389 1925 444 ὅσα
1963 391 2137 454 αὐτοῖς

304 476 628 529 ἐπετέτακτο·
674 471 740 526 τά
765 496 819 528 τε
847 474 945 544 γὰρ
982 475 1089 545 ἱερὰ
1123 473 1387 546 ἐκάθηραν
1417 475 1599 529 αὐτίκα
1622 473 1718 545 τήν
1748 497 1803 530 τε
1827 473 2016 547 κόπρον
2050 479 2136 531 καὶ

305 560 417 614 εἷ’τι
444 558 568 613 ἄλλο
595 558 689 628 οὐχ
712 556 862 621 ὅσίως
888 559 1103 613 ἕπε’κειτο
1131 560 1222 622 ξῦν
1243 561 1492 635 ἐπιμελείᾳ
1515 566 1678 633 πολλῇ
1706 558 2020 634 ἀφελόμενοι,
2067 558 2133 615 τά

301 667 355 698 τε
379 642 537 712 λύχνα
566 643 785 698 ἔκαυσαν
813 643 1017 699 ἅπαντα
1056 648 1140 698 καὶ
1179 646 1301 708 τοὺς
1325 646 1487 716 ἱερέας
1509 649 1651 700 αἰδοῖ
1668 669 1721 701 τε
1754 652 1917 719 πολλῇ
1946 659 2173 716 προσε-5

303 727 530 798 κύνησαν
555 731 640 783 καὶ
676 735 741 801 τῇ
782 729 911 801 ἄλλῃ
941 728 1296 802 φιλοφροσίνῃ
1325 729 1658 801 ἠσπάσαντο·
1703 729 1922 804 ἀργύριά
1949 753 2002 785 τε
2025 740 2136 794 τοῖς

301 820 509 877 πολλοῖς
548 813 748 881 δόντες,
796 815 852 869 οἳ
881 815 1013 886 ἀμφὶ
1049 817 1116 870 τοὶ
1152 817 1260 888 ἱερὰ
1287 822 1451 875 ταῦτα
1480 814 1764 886 ἐκάθηντο,
1811 816 1945 871 οὕτω
1976 816 2040 884 δὴ
2071 823 2136 887 τῇ

236 904 274 947 C
303 905 406 954 τῶν
433 902 701 954 Βανδίλων
728 906 946 975 στρατιᾷ
975 903 1190 957 εἵποντο.
1277 905 1362 956 καὶ
1389 902 1490 956 ἀπὸ
1515 899 1702 957 τούτου
1734 902 1865 956 κατὰ
1893 901 1985 970 τὴν
2013 899 2133 955 ὁδὸν

299 983 573 1053 ξύμπασαν
601 988 654 1039 οῗ
672 1007 724 1039 τε
749 989 994 1041 Βανδίλοι
1015 988 1147 1041 κατὰ
1170 992 1337 1042 ταῦτα
1356 985 1654 1058 ἡμάρτανον
1688 990 1772 1041 καὶ
1800 988 1848 1042 οἱ
1877 984 2134 1041 κατάσκο-

298 1093 386 1125 ποι
427 1069 756 1141 ἐθεράπευον.
846 1074 950 1125 ἐπεὶ
982 1074 1038 1125 δὲ
1076 1073 1235 1143 ἀγχοῦ
1266 1073 1478 1128 ἔσεσθαι
1501 1073 1710 1142 ἔμελλον
1721 1114 1738 1139 ,
1783 1070 2132 1143 προτερήσαν-
2149 1084 2203 1126 1ο

295 1178 379 1218 τες
410 1157 459 1210 οῗ
484 1154 799 1210 κατάσκοποι
836 1156 1131 1228 ἀγγέλλουσι
1173 1164 1246 1232 τῷ
1278 1156 1531 1225 Καβάωνι
1555 1156 1653 1212 ὅσα
1675 1160 1949 1220 Βανδίλοις
1970 1179 2025 1211 τε
2048 1160 2133 1211 καὶ

295 1243 471 1313 σφίσιν
496 1243 547 1304 ἒς
569 1242 635 1295 τὰ
658 1247 987 1313 Χριστιανῶν
1025 1243 1136 1313 ἱερὰ
1166 1243 1400 1313 εἴργαστο
1435 1246 1520 1298 καὶ
1556 1241 1625 1306 ὥς
1656 1240 1799 1312 ἐγγύς
1825 1264 1925 1296 που
1961 1242 2011 1296 οἳ
2032 1264 2132 1297 πο-

297 1328 459 1395 λέμιοι
489 1325 598 1381 εἶεν.
690 1325 717 1380 ὃ
742 1329 798 1381 δὲ
824 1324 1049 1390 ἄκου’σας
1073 1330 1126 1391 ἐς
1149 1329 1242 1399 τὴν
1267 1330 1528 1399 ξυμβολὴν
1553 1329 1840 1382 καθίστατο
1869 1321 1981 1382 ὧδε.
2039 1324 2130 1380 κύ-

296 1417 418 1465 κλον
456 1411 734 1479 ἀπολαβών
774 1414 827 1466 ἐν
866 1419 940 1487 τῷ
981 1416 1170 1489 πεδίῳ,
1218 1412 1349 1468 ἔνθα
1388 1414 1453 1484 δὴ
1469 1413 1535 1468 ’τὸ
1554 1410 1845 1486 χαράκωμα
1872 1419 2132 1467 ποιεῖσθαι

294 1495 467 1565 ἔμελλε
478 1538 494 1562 ,
542 1497 637 1559 τὰς
664 1496 925 1568 καμήλους
944 1497 1108 1571 ἔρυμα
1136 1506 1211 1575 τῷ
1235 1499 1566 1573 στρατοπίδῳ
1589 1499 1858 1569 ἐγκαρσίας
1885 1500 1937 1554 ἓν
1960 1495 2128 1572 κύκλῳ
2146 1507 2197 1550 15
2252 1506 2254 1567 ᾗ

298 1584 554 1651 καθίστη,
598 1584 732 1637 κατὰ
769 1582 968 1639 δώδεκα
1001 1583 1227 1653 μάλιστα
1263 1585 1525 1655 καμήλους
1562 1582 1902 1656 ’ποιησάμενος
1938 1585 1997 1638 τὸ
2035 1589 2128 1637 τοῦ

227 1676 266 1721 D
295 1665 533 1737 μετώπου
565 1666 758 1734 βάθος.
845 1673 1036 1733 παῖδας
1064 1673 1158 1739 μὲν
1187 1664 1279 1725 οὖν
1316 1675 1402 1725 καὶ
1434 1679 1676 1741 γυναῖκας
1699 1672 1784 1724 καὶ
1809 1670 1861 1723 εἶ’
1882 1691 1930 1723 τι
1954 1669 2130 1732 αὐτοῖς

295 1751 563 1822 ἀπόμαχον
588 1748 652 1822 ἦν
665 1795 683 1820 ,
721 1753 853 1820 ὁμοῦ
882 1764 989 1818 τοῖς
1009 1754 1271 1827 χρήμασιν
1292 1757 1343 1820 ἐς
1366 1758 1525 1825 μέσον
1549 1757 1780 1822 ἐτίθετο,
1819 1755 1919 1808 ’τὸν
1943 1756 2000 1808 δὲ
2024 1761 2128 1808 τῶν

299 1841 531 1907 μαχίμων
552 1839 679 1893 λεών
707 1841 757 1902 ἒς
780 1846 884 1894 τῶν
908 1841 1048 1914 ζῴων
1072 1843 1269 1897 ἐκείνων
1292 1842 1414 1905 τοὺς
1437 1839 1601 1904 πόδας
1623 1843 1676 1894 ἓν
1698 1841 1838 1913 με’σῳ
1863 1839 2126 1911 φραξαμέ-

303 1946 418 1987 νους
446 1933 558 1986 ταῖς
583 1924 786 1978 ἀσπίσιν
810 1926 1027 1980 ἐκέλευεν
1051 1928 1194 1982 ἰέναι.
1280 1926 1417 1981 οὕτω
1441 1928 1499 1980 δὲ
1521 1929 1883 1998 Μαυρουσίοις
1911 1925 2196 1995 ε’χουσηςὲο

302 2015 387 2078 τῆς
413 2007 672 2080 φάλαγγος
693 2011 741 2063 οἳ
765 2013 1010 2066 Βανδίλοι
1033 2012 1086 2065 ἐν
1108 2008 1287 2086 ἀπόρῳ
1311 2011 1444 2081 εἶχον
1464 2012 1663 2067 θέσθαι
1685 2011 1742 2064 τὸ
1767 2009 1932 2082 παρόν
1951 2028 1963 2040 ·
2010 2010 2127 2064 οὔτε

300 2095 391 2167 γὰρ
420 2095 711 2150 ἀκοντισταὶ
737 2095 852 2150 οὔτε
875 2094 1079 2162 τοξόται
1104 2097 1295 2168 ἀγαθοὶ
1315 2093 1451 2169 ᾖσαν
1475 2097 1591 2152 οὔτε
1617 2099 1752 2163 πεζοὶ
1778 2097 1831 2158 ἐς
1854 2093 2026 2165 μάχην
2054 2096 2124 2150 ἴέ-

410 2247 452 2291 5.
483 2245 643 2303 λύχνα]
674 2244 838 2302 λύχνιοι
857 2247 950 2292 Pm.
995 2247 1122 2292 Conf.
1144 2261 1188 2305 p.
1213 2247 1297 2293 209
1311 2248 1353 2291 b.
1374 2247 1515 2294 223b.
1609 2247 1651 2292 7.
1678 2245 1894 2301 πολλοῖς]
1923 2250 2124 2301 πτωχοῖς

409 2304 502 2347 Ρω.
589 2307 660 2349 20.
693 2304 835 2360 ἰέναι]
863 2306 1002 2362 Vulgo
1032 2303 1169 2351 εἶναι..
1252 2307 1326 2351 22.
1357 2301 1693 2362 οὔτε-οὔτε]
1725 2301 1908 2349 οὐδὲ-
1930 2303 2040 2349 οὐδὲ
2070 2305 2119 2346 Ρ.

294 2430 586 2475 sacerdotibus
616 2432 818 2488 colaphos
847 2431 1138 2488 infringebant
1156 2467 1168 2485 ‚
1209 2438 1255 2478 et
1286 2435 1506 2491 plagarum
1534 2432 1744 2491 grandine
1772 2431 1999 2475 tundentes
2019 2429 2123 2473 dor-

299 2503 412 2543 sum,
455 2503 568 2544 quae
606 2489 819 2533 vilissimis
855 2491 1024 2533 famulis
1060 2490 1294 2535 ministeria
1328 2492 1524 2535 solebant
1558 2490 1807 2546 iniungere,
1847 2489 1995 2533 eadem
2035 2487 2121 2530 illis

298 2545 578 2601 imperabant.
637 2547 775 2589 Simul
822 2553 965 2591 autem
1001 2547 1103 2591 inde
1157 2554 1404 2602 moverunt,
1451 2549 1652 2592 mandata
1685 2547 1862 2605 implent
1906 2544 2121 2589 Gabaonis

297 2602 602 2658 speculatores.
662 2605 899 2648 Confestim
928 2619 1119 2662 purgare
1146 2606 1327 2663 templa3
1356 2606 1520 2658 fimum,
1550 2610 1598 2648 et
1628 2617 1903 2661 quaecunque
1931 2603 2018 2646 loci
2047 2616 2120 2645 re-

301 2659 493 2716 ligionem
522 2661 812 2713 dedecebant,
852 2663 1167 2706 accuratissime
1195 2664 1375 2706 eradere
1404 2671 1450 2706 et
1477 2667 1732 2719 exportare3
1771 2661 1950 2717 lychnos
1977 2673 2120 2703 omnes

305 2717 558 2768 accender03
598 2720 848 2762 sacerdotes
892 2720 1230 2764 reverentissime
1267 2721 1475 2773 adorare,
1515 2727 1562 2764 et
1611 2719 1726 2765 omni
1769 2718 1971 2761 comitate
2003 2730 2118 2760 com-

307 2773 453 2829 plecti:
491 2773 675 2831 denique
705 2777 906 2820 mendicis
934 2777 1040 2821 haec
1069 2778 1228 2821 citcum
1255 2778 1415 2835 templa
1455 2777 1700 2822 sedentibus
1728 2782 1959 2831 argenteos
1985 2773 2120 2815 dilar-

305 2829 399 2884 giti,
431 2831 707 2876 Vandalicum
735 2835 967 2877 exercitum
996 2834 1216 2878 subsecuti
1244 2842 1357 2879 sunt.
1414 2835 1466 2879 ln
1493 2835 1660 2890 reliqua
1685 2833 1887 2888 deinceps
1916 2829 1986 2873 via
2016 2845 2119 2886 pec-

306 2889 450 2930 cibant
489 2889 598 2932 haec
637 2890 845 2943 Vandali,
889 2897 935 2933 et
978 2892 1272 2949 exploratores
1312 2893 1504 2948 piabant.
1567 2892 1668 2936 Non
1709 2891 1836 2946 longe
1875 2889 2054 2930 aberant
2091 2901 2118 2929 a

304 2943 461 2990 Mauris
490 2945 702 2999 Vandali,
742 2962 835 2991 cum
865 2949 944 2991 hos
984 2949 1227 3004 praegressi
1268 2949 1584 3005 speculatores,
1625 2962 1739 3004 quae
1766 2948 1821 2989 ab
1850 2944 1991 3001 impiIs
2019 2950 2065 2986 et
2090 2958 2118 2986 a

304 3013 354 3043 se
365 3001 483 3045 circa
511 3004 671 3058 templa
699 3005 1040 3048 Christianorum
1068 3012 1166 3049 acta
1192 3006 1314 3050 varie
1341 3008 1512 3049 fuerant
1529 3004 1720 3049 Gabaoni
1741 3007 1983 3053 narrarunt,
2011 3001 2117 3044 iam-

305 3070 376 3113 que
406 3060 568 3103 hostem
595 3061 640 3103 in
671 3061 910 3118 propinquo
940 3077 1034 3106 esse
1061 3063 1274 3106 dixerunt.
1335 3064 1434 3114 Quo
1461 3063 1534 3106 ille
1562 3061 1733 3112 audito,
1761 3060 1824 3102 ita
1852 3072 1900 3101 se
1929 3058 2119 3101 accinxit

305 3114 362 3158 ad
377 3117 596 3180 praelium.
654 3118 790 3161 Facto
821 3120 927 3162 orbe
955 3120 999 3162 in
1030 3134 1204 3176 campo,
1233 3120 1306 3164 ubi
1334 3121 1489 3163 vallum
1518 3119 1781 3175 praeducere
1810 3117 2010 3166 debebat,
2042 3129 2116 3157 ca-

302 3171 697 3218 mels'transversis
727 3180 869 3218 castra
906 3175 1270 3229 circummunit,
1311 3177 1422 3220 aciei
1447 3177 1594 3218 fronte
1619 3176 1683 3218 ita
1711 3174 1943 3230 disposita,
1972 3179 2022 3215 ut
2051 3172 2116 3214 al-

304 3229 487 3275 titudinis
517 3231 609 3275 eius
641 3232 810 3274 ordines
852 3232 1007 3288 singuli
1038 3234 1207 3275 camelis
1250 3235 1344 3277 fere
1384 3233 1590 3276 duodenis
1618 3237 1877 3276 constarent.
1935 3231 2112 3281 Pueros,

302 3287 496 3341 sentinas,
537 3302 781 3345 omnemque
817 3289 1024 3332 imbellem
1064 3291 1230 3332 turbam
1269 3305 1362 3333 cum
1403 3290 1599 3347 pecuniis
1638 3289 1682 3332 in
1727 3289 1866 3332 medio
1895 3286 2109 3343 reposuit:

303 3356 462 3399 pugnae
489 3345 665 3389 idoneos
692 3346 747 3389 ad
774 3345 939 3389 illorum
967 3346 1100 3402 pedes
1129 3347 1394 3398 animalium,
1422 3347 1658 3390 anteriores
1684 3346 1801 3390 inter
1828 3350 1874 3388 et
1898 3343 2113 3401 posterio-

303 3414 402 3452 res,
427 3402 584 3446 locavit
613 3409 830 3459 protectos
860 3404 1034 3459 clypeis.
1093 3403 1143 3446 In
1172 3405 1284 3446 hunc
1312 3404 1476 3447 modum
1504 3405 1715 3447 instructa
1730 3404 1975 3446 Maurorum
2006 3400 2110 3451 acie,

303 3457 479 3503 Vandali
506 3476 531 3504 e
558 3473 608 3503 re
635 3466 738 3504 nata
766 3459 867 3518 quid
896 3460 1060 3505 consilii
1088 3467 1294 3518 caperent
1330 3461 1592 3506 nesciebant.
1650 3461 1764 3505 Nam
1789 3474 1867 3504 nec
1906 3458 2111 3501 iaculato-
