2254 3814
357 179 478 234 222
1100 179 1431 233 PROCOPII

353 315 586 388 ἡγεμόνες
610 320 691 370 καὶ
717 324 807 370 τοῦ
835 316 980 387 ἔργου
1003 315 1187 372 τούτου
1211 320 1439 390 Πέρσαις
1465 317 1673 373 ἔσεσθαι
1696 317 1955 390 πρόπονοι,
2000 320 2160 393 ‘ca-‚5137

352 404 381 458 ὃ
411 401 651 474 Χοσρόής
682 403 958 472 ἐπηρμένος
979 408 1041 474 τῇ
1065 401 1304 475 ὑποθήκῃ
1339 402 1581 475 στρατιάν
1606 426 1659 457 τε
1684 406 1872 473 πολλὴν
1893 406 2051 478 ἤγειρε
2077 410 2160 459 καὶ

348 489 414 542 τοὶ
451 491 500 549 ἐς
536 488 625 554 τὴν
671 486 854 556 ἔφοδον
896 486 1188 557 ἐξηρτύετο,
1236 489 1348 542 οὕτε
1378 489 1436 543 τὸ
1465 487 1724 557 βούλευμα
1750 492 1799 552 ἐς
1824 492 2033 560 Πέρσας
2057 493 2159 555 ἐξε-

347 573 530 642 νεγκὼν
543 613 559 636 ,
602 569 731 639 πλήν
763 594 814 642 γε
854 573 917 641 δὴ
946 571 1022 634 οἷς
1049 574 1113 626 τὰ
1141 572 1406 644 ἀπόρρητα
1430 580 1827 644 κοινολογεῖσθαι
1850 574 2023 642 μόνοις
2047 574 2159 630 εἷῶ-

346 664 458 723 θει,
507 658 588 708 καὶ
626 666 734 718 τοῖς
765 658 1030 727 πρέσβεσιν
1061 661 1352 728 ἐπαγγείλας
1382 658 1518 722 ὅπως
1541 659 1605 712 τὰ
1634 657 1959 731 πρασσόμενα
1983 663 2200 729 μηδενὶ5

343 739 610 812 φράσωσιν
660 744 711 803 ἐς
759 742 984 812 Ἰβηρίαν
1041 749 1112 817 τῷ
1161 741 1293 818 λόγῳ
1349 745 1633 809 ἐστέλλετο,
1695 743 1763 806 ὥς
1799 746 1863 798 τὰ
1904 749 2023 817 τῇδε
2065 768 2159 798 κα-

341 823 721 895 ταστησόμενος
758 825 1060 898 πράγματα·
1102 828 1253 892 ἔθνος
1285 830 1380 901 γὰρ
1423 829 1663 883 Οῧννικόν
1704 829 1931 883 ἐνταῦθά
1954 853 2024 900 πη
2053 831 2160 882 ἐπι-

344 918 542 981 σκῆψαι
568 917 631 983 τῇ
655 917 874 984 Περσῶν
902 914 1033 985 ἀρχῇ
1059 913 1367 985 ἐπεφήμιζεν.

279 1036 319 1078 C
516 1022 594 1086 ις’.
674 1026 759 1079 Ἐν
795 1025 959 1100 τούτῳ
996 1028 1050 1080 δὲ
1085 1026 1346 1098 γενόμενος
1370 1023 1669 1097 Βελισάριος
1705 1026 1757 1079 ἐν
1781 1028 2159 1101 Μεσοποταμίᾳ

346 1108 669 1178 πανταχόθεν
708 1111 796 1164 τὸν
832 1112 1053 1183 στρατὸν
1089 1112 1280 1182 ἤγειρε,
1327 1115 1414 1166 καί
1444 1133 1585 1173 τινας
1623 1112 1674 1173 ἐς
1712 1111 1777 1165 τὰ
1802 1116 2019 1182 Περσῶν
2048 1111 2156 1180 ἤθη
2172 1123 2228 1168 10

346 1197 424 1248 ἐπὶ
454 1203 748 1267 κατασκοπῇ
773 1196 1003 1264 ἔπεμπεν.
1093 1198 1247 1259 αὐτὸς
1267 1199 1322 1250 δὲ
1342 1206 1448 1259 τοῖς
1469 1197 1722 1262 πολεμίοις
1745 1198 1973 1249 ἐνταῦθα
1994 1194 2159 1250 ὕπαν-

345 1277 517 1333 τιάσαι
553 1279 864 1348 βουλόμενος
879 1323 896 1346 ,
943 1281 1006 1349 ἤν
1034 1303 1146 1334 τινα
1173 1281 1389 1350 ἐσβολὴν
1413 1283 1462 1343 ἐς
1490 1278 1752 1347 Ῥωμαίων
1771 1281 1863 1349 τὴν
1886 1287 1977 1350 γῆν
2003 1276 2159 1344 αὖθις

347 1364 674 1432 ποιήσωνται,
721 1367 878 1419 διεΐπέ
899 1388 951 1419 τε
975 1367 1132 1419 αὐτοῦ
1158 1369 1240 1419 καὶ
1267 1364 1514 1433 διεκόσμει
1535 1365 1655 1426 τοὺς
1679 1363 2020 1436 στρατιώτας,
2066 1387 2158 1436 γυ-

344 1448 504 1517 μνούς
530 1472 581 1503 τε
607 1453 690 1503 καὶ
714 1449 965 1514 ἀνόπλους
988 1453 1068 1504 ἐπὶ
1091 1458 1324 1506 πλεῖστον
1350 1451 1501 1512 ὄντας
1512 1491 1528 1516 ,
1576 1451 1659 1503 καὶ
1691 1449 2158 1521 κατωρρωδηκότας

344 1535 403 1587 τὸ
444 1539 661 1605 Περσῶν
701 1535 878 1603 ὄνομα.
968 1537 1016 1590 οἱ
1048 1538 1140 1604 μὲν
1175 1532 1265 1590 οὖν
1297 1534 1610 1590 κατάσκοποι
1642 1532 1973 1605 ἐπανήκοντες
2011 1536 2235 1591 οὔδε-,15-

274 1638 314 1679 1)
343 1622 465 1687 μίαν
494 1626 596 1674 τῶν
633 1625 884 1688 πολεμίων
921 1624 1230 1692 ἲσχυρίζοντο
1259 1624 1310 1676 ἐν
1334 1628 1406 1695 τῷ
1435 1618 1648 1693 παρόντι
1677 1620 1894 1690 ἐσβολὴν
1917 1619 2154 1675 ἔσεσθαι·
2236 1610 2251 1634 .e

342 1706 563 1773 πολέμου
602 1707 698 1776 γὰρ
743 1707 986 1760 Οὐννικοῦ
1026 1708 1266 1776 ἀσχολίαν
1295 1703 1511 1778 Χοσρόῃ
1539 1705 1753 1776 ἑτέρωθι
1779 1705 1919 1761 εἶναι.
2006 1711 2155 1760 Βελι-

339 1788 516 1860 σάριος
546 1791 600 1844 δὲ
630 1797 795 1844 ταῦτα
821 1789 1043 1854 ἀκούσας
1071 1795 1222 1846 παντὶ
1254 1798 1326 1866 τῷ
1355 1797 1559 1865 στρατῷ
1583 1789 1841 1858 ἐσβάλλειν
1874 1796 1977 1845 τῶν
2004 1797 2155 1846 πολε·
2234 1783 2254 1858 Ξ

337 1877 468 1942 μίων
503 1881 565 1947 τῇ
585 1882 660 1946 γῇ
689 1875 857 1943 ἤθελε.
945 1879 1032 1930 καί
1055 1878 1100 1930 οἳ
1118 1877 1336 1948 Ἀρέθας
1359 1899 1410 1931 τε
1437 1877 1527 1940 ξὺν
1553 1881 1724 1950 πολλῷ
1748 1882 1952 1950 στρατῷ
1977 1883 2154 1948 Σαρα-
2232 1876 2254 1920 '⁴'

339 1966 504 2028 κηνῶν
548 1955 676 2027 ἦλθε
722 1964 805 2014 καὶ
847 1962 1085 2029 βασιλεὺς
1136 1960 1414 2033 γράμματα
1459 1959 1666 2033 γράψας
1721 1960 1981 2030 ἐσβάλλειν
2023 1956 2254 2016 sattim*

338 2044 494 2113 τάχος
520 2047 570 2107 ἐς
600 2045 691 2114 τὴν
727 2048 970 2114 πολεμίαν
994 2053 1087 2116 γῆν
1114 2048 1387 2103 ἐπέστελλε.
1475 2046 1783 2118 ξυγκαλέσας
1812 2041 1900 2101 οὖν
1925 2044 2154 2110 ἅπαντας

339 2132 461 2193 τοὺς
497 2130 746 2202 ἄρχοντας
778 2133 829 2184 ἐν
849 2130 1035 2203 Λάρας
1060 2133 1188 2197 ἔλεξε
1215 2131 1384 2188 τοιάδε
1426 2130 1727 2199 ,,Ἄπαντας
1753 2130 1915 2201 ὑμᾶς,
1964 2127 2004 2187 ὦ
2035 2136 2152 2197 ξυν-

456 2310 496 2352 1.
523 2303 776 2364 πρόπονοι]
804 2305 1029 2365 πρόπολοι
1056 2309 1148 2354 Pm.
1259 2310 1302 2355 3.
1333 2305 1464 2364 οὔτε]
1489 2305 1599 2354 οὐδὲ
1627 2308 1678 2353 Ρ.

341 2463 505 2506 futuros
535 2462 727 2516 itineris,
769 2468 814 2507 et
841 2464 985 2507 Persis
1012 2468 1243 2508 navaturos
1273 2463 1488 2521 praeviam
1516 2462 1628 2507 illam
1656 2478 1827 2519 operam
1855 2465 2151 2520 promiserunt.

342 2521 439 2563 Hac
468 2522 678 2563 sententia
707 2530 874 2564 erectus
904 2523 1114 2565 Chosroes
1141 2536 1334 2577 magnum
1361 2521 1583 2564 erercitum
1611 2521 1799 2577 colligit,
1840 2529 2045 2578 ornatque
2075 2537 2150 2565 ex-

339 2577 622 2632 peditionem,
664 2583 778 2621 tecto
810 2580 953 2622 Persis
981 2579 1182 2630 consilio,
1212 2587 1508 2635 praeterquam
1536 2578 1614 2630 iis,
1644 2593 1749 2635 quos
1776 2580 1820 2622 in
1850 2579 2149 2622 conscientiam

339 2647 588 2676 arcanorum
629 2636 864 2678 asciverat:
908 2651 958 2679 ac
1000 2636 1156 2692 legatis
1190 2635 1413 2692 iniungens
1452 2649 1506 2678 ne
1546 2635 1616 2678 cui
1650 2637 1911 2692 propositum
1939 2637 2148 2693 aperiant,

337 2690 462 2744 fingit
489 2704 536 2732 se
563 2691 743 2735 Iberiam
771 2694 1148 2750 componendarum
1176 2692 1237 2736 ibi
1264 2707 1403 2735 rerum
1431 2692 1574 2749 gratia
1606 2699 1779 2749 petere3
1821 2706 1914 2736 cum
1944 2707 2148 2738 rumorem

338 2747 567 2804 sparsisset
595 2747 640 2790 in
667 2750 839 2805 vulgum
866 2751 1042 2794 Hunnos
1071 2751 1156 2793 illis
1183 2750 1228 2793 in
1257 2750 1343 2793 oris
1370 2764 1544 2806 regnum
1570 2749 1786 2793 Persicum
1813 2750 2035 2796 invasisse.

451 2834 519 2878 16.
578 2833 672 2876 Hoc
703 2833 870 2877 interim
899 2834 1037 2890 spatio
1065 2834 1322 2888 Belisarius,
1364 2849 1455 2878 cum
1482 2835 1526 2878 in
1554 2834 1899 2893 Mesopotamiam
1929 2834 2150 2891 pervenis—

335 2892 427 2940 set,
468 2890 651 2946 undique
689 2891 832 2946 coegit
871 2892 1041 2947 copias,
1083 2898 1128 2935 et
1165 2892 1367 2948 quosdam
1395 2894 1441 2935 in
1469 2892 1686 2936 Persidem
1728 2894 1990 2949 exploratum
2018 2892 2148 2935 misit.
2220 2907 2229 2952 Ἰ

333 2946 538 2988 Habebat
578 2952 717 2989 autem
757 2948 800 2989 in
843 2949 1006 3000 animo,
1050 2948 1087 2990 si
1125 2951 1268 2991 hostes
1307 2949 1458 3003 iterum
1486 2949 1530 2992 in
1567 2951 1674 2992 fines
1701 2951 1819 2993 Rom.
1849 2949 2147 3006 irrumperent,
2219 2956 2229 2995 ,’

332 3003 418 3045 iuis
460 3017 704 3046 occurrere:
745 3004 904 3049 idcirco
946 3005 1098 3048 milites
1142 3006 1275 3048 nudos
1319 3012 1363 3049 et
1402 3007 1582 3049 inermes
1613 3007 1831 3049 maximam
1861 3011 2050 3060 partem,
2095 3019 2147 3048 ac

331 3064 497 3102 terrore
526 3061 702 3103 nominis
732 3061 957 3104 Persarum
987 3061 1229 3115 districtos,
1259 3062 1471 3107 adornare
1498 3063 1560 3105 ibi
1587 3068 1720 3118 atque
1746 3062 1956 3104 instruere
1989 3076 2149 3119 prope·-
2215 3094 2219 3097 -

332 3118 472 3160 rabat.
531 3117 711 3160 Reversi
740 3120 1028 3174 exploratores
1058 3120 1212 3162 nullam
1241 3119 1285 3162 in
1314 3133 1516 3176 praesens
1543 3120 1733 3162 facturos
1759 3120 1916 3162 Persas
1943 3119 2148 3174 irruptio-

330 3187 427 3216 nem
455 3187 534 3230 pro
565 3179 680 3218 certo
710 3174 881 3217 dicunt:
920 3175 1116 3219 Hunnico
1147 3175 1252 3219 enim
1281 3177 1390 3218 bello
1418 3176 1663 3232 impeditum
1692 3177 1923 3219 Chosroem
1952 3177 2054 3219 alibi
2077 3181 2148 3220 te·

330 3230 440 3275 neri.
499 3231 597 3282 Quo
635 3232 868 3275 Belisarius
906 3233 1077 3284 audito,
1121 3233 1270 3275 statuit
1297 3233 1342 3274 in
1370 3233 1551 3276 hostium
1579 3233 1686 3276 fines
1714 3233 1946 3276 exercitum
1974 3233 2146 3276 univer-

331 3301 421 3331 sum
450 3287 675 3340 inducere,
714 3303 864 3344 magno
894 3294 1058 3332 auctum
1086 3304 1257 3332 numero
1286 3291 1620 3342 Saracenorum,
1662 3290 1735 3346 qui
1763 3292 1963 3333 Aretham
1991 3303 2144 3346 seque·

331 3346 501 3388 bantur.
559 3346 840 3389 Accesserunt
876 3347 1055 3402 Augusti
1092 3346 1269 3396 literae,
1309 3347 1547 3390 mandantis
1583 3351 1633 3389 ut
1661 3345 1794 3403 ‘quam
1832 3347 2071 3391 maturrime
2097 3346 2143 3389 in

334 3402 492 3445 hostile
527 3402 658 3445 solum
698 3416 792 3445 sese
831 3403 1023 3446 inferret.v
1079 3402 1215 3459 Igitur
1243 3403 1386 3446 Darae
1416 3403 1580 3447 cunctis
1607 3404 1796 3447 Ducibus
1825 3404 2070 3447 convocatis
2097 3404 2143 3445 in

335 3459 448 3502 hunc
477 3459 639 3504 modum
667 3461 801 3504 verba
827 3460 946 3504 fecit.
1008 3461 1112 3504 Cum
1143 3474 1216 3504 vos
1248 3475 1412 3515 omnes,
1446 3463 1670 3520 Collegae,
1696 3464 1924 3507 multorum
1942 3463 2142 3505 bellorum
