2184 3822
205 178 287 240 94
949 179 1283 235 PROCOPII

203 324 483 395 βελτίστων
522 321 731 377 ἕλε’σθαι
754 321 819 375 τὰ
843 318 1030 390 ἥδιστα
1044 361 1062 387 ,
1109 316 1186 384 οἷς
1215 321 1270 375 δὲ
1292 322 1353 376 τὸ
1375 317 1618 391 θνήσκειν
1643 315 1917 390 ἐπάναγκες
1930 361 1948 387 ,
1993 321 2028 390 ἢ

135 425 173 469 c
203 412 291 476 ξὺν
316 416 380 482 τῇ
402 410 595 483 εὐκλείᾳ
622 407 750 478 πρὸς
772 412 875 459 τῶν
898 407 1167 474 πολεμίων,
1200 405 1234 476 ἢ
1260 407 1390 478 πρὸς
1413 411 1507 460 τοῦ
1531 410 1840 476 κρατοῦντος
1863 407 1914 468 ἒς
1937 406 2029 475 τὴν

199 494 408 550 κόλασιν
432 498 654 563 αἷσχρῶς
680 490 942 561 ἀγομένοις
950 533 968 559 ,
1013 492 1177 562 πολλὴ
1217 491 1364 546 ἄνοια
1389 492 1463 561 μὴ
1490 491 1590 559 πρὸ
1621 496 1724 544 τῶν
1755 492 2030 558 αἰσχίστων

201 581 409 634 ἑλέσθαι
445 579 511 631 τὰ
548 579 780 648 κρείσσω.
865 575 947 630 ὅτε
987 579 1158 631 τοίνυν
1196 582 1363 631 ταῦτα
1398 575 1562 639 οὕτως
1588 574 1715 644 ἕχει,
1759 573 2030 647 προσήκειν

199 665 337 733 ὖμᾶς
367 663 598 724 ἅπαντας
622 660 761 730 οἶμαι
786 660 861 730 μὴ
885 662 1007 725 τοὺς
1032 664 1304 731 πολεμίους
1326 659 1514 731 μόνον,
1551 661 1682 715 ἀλλὰ
1712 662 1796 714 καὶ
1826 660 1917 714 τὸν
1947 663 2074 718 δε-5

201 748 393 817 σπότην
435 748 523 801 τὸν
562 745 806 819 ὑμέτερον
838 748 891 802 ἐν
917 754 990 822 νῷ
1015 746 1222 818 ἕχοντας
1248 746 1411 810 οὕτως
1436 748 1488 810 ἐς
1507 744 1677 816 μάχην
1699 743 1849 814 τήνδε
1875 747 2031 799 καθί-

196 838 491 889 στασθαι.“

370 922 618 972 Τοσαῦτα
666 917 750 970 καὶ
794 915 1073 988 Ἀζαρὲθης
1109 913 1611 988 παρακελευσάμενος
1654 914 1887 978 ἀντίξουν
1925 923 2034 977 τοῖς

201 1006 445 1066 ἐναντίοις
471 1004 563 1071 τὴν
593 1000 830 1073 φάλαγγα
857 1002 1063 1072 ἔστησε,
1107 1004 1320 1074 Πέρσας
1343 1003 1436 1070 μὲν
1460 1001 1525 1054 τὰ
1555 1001 1608 1053 ἓν
1639 1002 1776 1075 δεξιᾷ
1803 1000 2029 1068 ἔχοντας,

204 1089 540 1162 Σαρακηνοῦς
568 1089 623 1141 δὲ
645 1088 709 1140 τὰ
736 1085 987 1156 εὐώνυμα.
1078 1091 1161 1142 καὶ
1202 1088 1383 1142 αὐτίκα
1410 1087 1503 1156 μὲν
1533 1087 1584 1148 ἒς
1605 1095 1780 1157 χεῖρας
1806 1083 2033 1156 ἇμᾳότε-
2049 1103 2104 1146 10

203 1198 285 1247 ροι
313 1171 497 1245 ἦλθον.
586 1167 649 1239 ἦν
677 1174 732 1226 δὲ
760 1171 792 1242 ἡ
819 1171 958 1243 μάχη
990 1174 1210 1245 καρτερὰ
1232 1172 1473 1241 μάλιστα.
1562 1168 1629 1224 τά
1655 1193 1710 1225 τε
1734 1170 1830 1241 γὰρ
1859 1167 2036 1234 τοξεί-

204 1283 346 1329 ματα
385 1258 700 1329 ἑκατέρωθεν
736 1259 897 1327 συχνὰ
936 1260 1016 1311 ἐπὶ
1050 1265 1285 1313 πλεῖστον
1306 1255 1600 1327 βαλλόμενα
1628 1254 1786 1328 φόνον
1808 1255 2036 1328 ἀμφοτέ-

137 1366 178 1409 Ῑ)
209 1369 311 1418 ρων
341 1345 501 1399 πολὺν
529 1345 682 1397 ἐποίει
706 1345 795 1396 καί
812 1365 942 1406 τινες
967 1344 1020 1396 ἔν
1044 1346 1325 1418 μεταιχμίῳ
1360 1341 1608 1414 γινόμενοι
1645 1342 1767 1412 ἴργα
1797 1343 1849 1404 ἐς
1876 1339 2036 1410 ἀλλή-

204 1437 325 1494 λους
348 1431 687 1484 ἐπεδείκνυντο
723 1428 906 1499 ἀρετῆς
934 1428 1077 1494 ἄξια,
1124 1435 1323 1498 μᾶλλον
1346 1430 1402 1482 δὲ
1426 1428 1628 1498 Πέρσαι
1653 1428 1707 1480 ἔκ
1729 1432 1834 1480 τῶν
1859 1430 2036 1490 τοξευ-

201 1516 380 1585 μάτων
401 1516 578 1567 πολλοὶ
604 1514 873 1582 ἔθνησκον.
961 1514 1028 1567 τὰ
1053 1515 1148 1582 μὲν
1173 1514 1271 1586 γὰρ
1300 1513 1471 1568 αὐτῶν
1493 1513 1619 1581 βέλη
1645 1509 1923 1582 συχνότερα
1945 1513 2038 1580 μὲν
2051 1526 2106 1571 15

205 1603 427 1669 ἀτεχνῶς
463 1596 599 1671 ἐπῄει
612 1639 628 1664 ,
677 1600 780 1651 ἐπεὶ
809 1598 1012 1670 Πέρσαι
1049 1597 1256 1663 τοξόται
1282 1597 1464 1668 σχεδόν
1488 1600 1542 1652 τί
1562 1601 1685 1652 εἰσιν
1710 1596 1932 1661 ἅπαντες
1953 1599 2038 1651 καὶ

202 1687 335 1741 πολὺ
370 1691 578 1739 θᾶσσον
612 1683 645 1754 ἢ
684 1683 829 1738 ἄλλοι
861 1682 1147 1753 ξύμπαντες
1174 1684 1446 1755 ἅνθρωποι
1470 1689 1732 1738 ποιεῖσθαι
1754 1683 1850 1745 τὰς
1875 1682 2038 1751 βολὰς

203 1769 604 1826 ἐκδιδάσκονται.
695 1770 750 1822 ἐκ
787 1771 843 1823 δὲ
866 1769 1030 1834 τόξων
1053 1776 1344 1839 μαλθακῶν
1366 1792 1420 1824 τε
1441 1772 1524 1823 καὶ
1549 1769 1610 1824 οὗ
1636 1771 1752 1823 λίαν
1770 1767 2037 1837 ἐντεταμέ-

203 1880 305 1913 νων
327 1853 618 1925 βαλλόμενα
641 1853 846 1926 θώρακι
868 1855 994 1918 ἴσως
1015 1854 1048 1925 ἢ
1072 1853 1241 1927 κράνει
1262 1855 1294 1926 ἢ
1316 1858 1401 1910 καὶ
1426 1855 1601 1910 ἀσπίδι
1622 1851 1895 1924 ἐντυχόντα
1911 1852 2039 1908 Ῥω-

201 1945 357 2012 μαίου
396 1940 584 2008 ἀνδρὸς
623 1938 978 2006 ἀπεκαυλίζετό
1015 1962 1070 1995 τε
1103 1944 1188 1995 καὶ
1220 1947 1391 1996 λυπεῖν
1419 1941 1510 1996 τὸν
1533 1942 1922 2013 προσπίπτοντα
1946 1938 2106 2001 ovi-20
2158 1976 2163 1987 ,

203 2033 345 2096 δαμῆ
397 2025 508 2095 εἶχε.
592 2023 855 2093 Ῥωμαίων
895 2027 952 2079 δὲ
984 2026 1052 2080 τὰ
1084 2024 1373 2095 τοξεύματα
1417 2025 1714 2099 βραδύτερα
1744 2027 1837 2094 μὲν
1873 2027 1925 2087 ἐς
1959 2025 2042 2078 ἀεί

201 2117 365 2178 ἐστιν,
417 2111 506 2165 ἅτε
534 2111 599 2180 δὴ
635 2110 688 2164 ἔκ
715 2109 877 2175 τόξων
904 2117 1138 2183 σκληρῶν
1167 2134 1221 2166 τε
1246 2109 1504 2183 ὑπεράγαν
1529 2114 1611 2165 καὶ
1635 2114 1808 2174 δεινῶς
1834 2112 2037 2165 ἐντετα-

201 2204 367 2268 μένων
408 2194 701 2266 βαλλόμενα
716 2238 732 2262 ,
778 2199 1030 2268 προσθείη
1061 2199 1117 2252 δὲ
1145 2196 1208 2252 ἄν
1232 2219 1311 2261 τις
1333 2200 1418 2252 καὶ
1441 2198 1572 2271 πρὸς
1601 2197 1804 2269 ἀνδρῶν
1827 2199 2034 2268 ἰσχυρο-

2155 1429 2163 1488 ἱ

316 2335 387 2379 16.
413 2329 543 2390 ἐπῄει
572 2332 830 2383 Maltretus‚
861 2331 936 2389 qui
963 2330 1037 2391 ᾔει
1066 2347 1118 2377 ex
1148 2333 1258 2392 Reg.
1288 2334 1431 2378 affert.
1489 2333 1635 2380 ἐποίει
1663 2333 1717 2377 Ρ.
1862 2334 1931 2378 18.
1961 2330 2034 2377 ἐκ·

313 2390 615 2505 ἓξὲἶὲξίνᾌαι
643 2390 693 2432 Α.
750 2388 1096 2444 ἐκδιδάσκοντες
1124 2393 1175 2436 Ρ.
1289 2394 1363 2438 21.
1391 2390 1451 2437 τὰ
1474 2389 1765 2449 τοξεύματα]
1791 2387 1852 2436 τά
1881 2406 1930 2436 τε
1956 2406 2032 2436 το-

202 2570 321 2607 nesto
359 2563 481 2605 dulce
509 2562 738 2617 amplecti,
783 2563 822 2604 si
853 2563 1024 2618 quidem
1057 2564 1139 2619 ita·
1157 2565 1358 2607 voluntas
1379 2566 1518 2619 serat.
1575 2565 1636 2606 At
1670 2575 1773 2619 quos
1798 2563 2030 2606 civ-cunstat

201 2622 350 2665 mortis
371 2621 622 2670 necessitas,
653 2621 722 2660 vet
739 2620 944 2673 pulchrae
963 2636 1041 2676 per
1062 2623 1264 2674 vulnera,
1292 2635 1388 2663 eum
1411 2621 1530 2664 hoste
1553 2621 1820 2671 dimicando,
1849 2623 1917 2664 vel
1930 2624 2031 2674 soc-

204 2681 289 2722 dae
310 2692 389 2732 per
413 2677 623 2732 supplicia
648 2677 900 2730 adeundae,
928 2681 1128 2722 victorem
1148 2679 1385 2735 sequend03
1414 2693 1498 2722 nae
1518 2679 1764 2722 stultissime
1781 2678 1814 2719 ii
1827 2680 2030 2732 fecerint,

203 2737 243 2779 si
273 2736 460 2778 honestis
494 2735 642 2789 turpia
675 2737 986 2788 praeoptarint.
1047 2738 1168 2790 Quae
1199 2750 1294 2779 cnm
1327 2737 1395 2779 ita
1423 2737 1535 2786 sint,
1563 2741 1729 2778 vestras
1765 2749 1854 2778 esse
1879 2742 2032 2790 partes

203 2794 368 2844 sentio,
397 2807 482 2834 non
510 2792 561 2833 ob
599 2793 739 2832 oculos
767 2794 889 2833 modo
923 2795 1110 2845 hostem,
1139 2795 1216 2836 sed
1245 2799 1434 2837 oestrum
1462 2794 1595 2837 etiam
1618 2794 1666 2835 in
1685 2793 1842 2835 animis
1871 2793 2030 2836 habere

201 2851 456 2902 Dominum,
484 2849 632 2904 itaque
652 2848 696 2889 in
718 2849 828 2890 hanc
850 2863 1049 2906 pugnam
1067 2853 1320 2894 incumbere.

316 2908 412 2950 Hac
442 2919 542 2948 usus
571 2904 811 2948 hortatione
840 2909 1100 2959 Amr-ethes,
1145 2909 1280 2952 aciem
1318 2907 1431 2951 hosti
1469 2906 1694 2964 opposuit,
1736 2905 2030 2950 obtinentibus

199 2965 349 3008 Persis
389 2963 632 3016 dexteram,
675 2963 838 3005 laevam
877 2965 1119 3007 Saracenis.
1175 2967 1282 3010 Mox
1324 2965 1378 3008 ad
1418 2978 1564 3008 manus
1601 2964 1800 3020 utrinque
1839 2970 2027 3015 ventum,

201 3028 246 3065 et
265 3021 434 3078 quidem
452 3020 695 3063 fortissime.
753 3021 896 3063 Denso
924 3022 1025 3063 hinc
1054 3022 1153 3065 inde
1181 3023 1434 3079 sagittarum
1462 3022 1692 3079 ingruente
1719 3021 1884 3072 nimbo,
1914 3021 2028 3064 haud

199 3080 294 3123 sine
322 3085 467 3120 mutua
494 3091 572 3120 nec
605 3077 691 3120 levi
721 3078 879 3126 caede,
908 3079 1096 3121 nonnulli
1123 3080 1168 3122 in
1201 3094 1390 3137 campum
1417 3079 1534 3122 inter
1561 3078 1675 3122 acies
1703 3078 1894 3120 relictum
1923 3092 2029 3134 pro-

201 3135 366 3192 gressi,
395 3149 604 3190 generosa
632 3134 746 3176 inter
777 3148 827 3177 se
853 3135 1046 3178 facinora
1076 3136 1317 3180 ediderunt.
1373 3136 1414 3179 E
1443 3136 1589 3179 Persis
1618 3136 1762 3192 plures
1792 3135 2028 3178 interibant

201 3192 373 3248 sagittis
399 3191 502 3234 icti:
540 3206 648 3247 quae
677 3191 779 3233 licet
809 3193 862 3234 ab
891 3191 975 3234 illis
1004 3193 1244 3238 crebriores
1273 3192 1489 3245 venirent,
1520 3193 1716 3250 quoniam
1745 3192 1904 3234 Persae
1931 3193 2026 3235 fere

203 3263 344 3293 omnes
373 3249 587 3304 sagittarii
615 3253 741 3300 sunt,
771 3263 908 3304 eaque
934 3248 977 3291 in
1008 3256 1103 3295 arte
1131 3250 1437 3306 expeditissimi
1463 3248 1701 3292 mortalium
1723 3249 1927 3300 omnium3
1956 3256 2027 3291 ta-

201 3321 296 3351 men
329 3320 470 3349 eorum
499 3305 717 3361 Sagittae,
747 3305 882 3348 lorica
910 3305 1089 3349 Romani
1117 3307 1282 3360 militis,
1312 3308 1381 3351 vel
1408 3308 1524 3349 forte
1550 3307 1676 3362 galea
1702 3314 1777 3349 aut
1805 3312 1926 3348 scuto
1953 3321 2024 3349 re-

201 3370 324 3407 tusae
353 3362 645 3414 dissiliebant,
674 3377 754 3405 nec
781 3364 919 3405 virum
950 3369 1148 3419 poterant
1176 3366 1347 3409 obvium
1375 3364 1560 3414 violare,
1595 3364 1697 3420 quia
1726 3363 1918 3405 mollibus
1949 3378 2025 3406 ne-

207 3435 290 3477 que
321 3421 426 3463 adeo
451 3421 664 3462 contentis
701 3421 884 3462 arcubus
922 3420 1259 3478 impellebantur.
1321 3422 1442 3471 Quas
1484 3435 1590 3463 vero
1628 3421 1808 3464 Romani
1841 3421 2023 3472 mittunt,

205 3477 370 3522 tardius
399 3491 477 3522 eae
504 3477 673 3535 quidem
700 3491 753 3520 ex
781 3478 989 3531 arcubus,
1033 3478 1193 3535 quippe
1230 3478 1383 3535 rigidis
1425 3477 1788 3536 intentissimeque
1815 3477 2023 3530 adductis,
