2254 3814
318 192 440 254 262
1069 195 1403 250 PROCOPII
1433 189 1436 191 ’

314 360 417 410 γων
435 334 685 399 Ἰσαοῖκιος
721 334 746 390 ὃ
774 337 994 406 Ναρσοῦ
1019 333 1256 407 ἀδελφός.
1350 334 1632 405 Φιλημοῦθ
1669 334 1726 388 δὲ
1750 336 1832 388 καὶ
1858 338 2031 405 Βῆρος
2058 334 2147 398 ξὺν

309 421 569 495 Ἔρούλοις
598 430 705 483 τοΐς
728 422 901 491 σφίσιν
926 418 1185 488 ἑπομένοις
1211 423 1262 483 ἐς
1284 421 1349 475 τὰ
1377 422 1455 475 ἐπὶ
1477 422 1833 489 Χορζιανηνῆς
1866 421 2030 489 χωρία
2053 415 2149 488 ἧλ-

315 515 445 574 θον,
493 513 583 560 τοῦ
631 506 903 575 Μαρτίνου
940 506 1291 575 στρατοπέδου
1327 505 1390 560 οὗ
1424 511 1596 578 πολλῷ
1631 504 1842 558 ἄποθεν.
1925 502 2149 566 Ἰοῦστός

313 615 368 648 τε
396 591 422 645 ὃ
442 591 694 658 βασιλέως
718 589 929 658 ἀνεψιὸς
953 593 1036 644 καὶ
1060 588 1316 661 Περάνιος
1339 593 1423 644 καὶ
1442 588 1682 658 Ἰωάννης
1719 587 1745 643 ὃ
1771 585 1998 657 Νικήτου
2029 597 2151 652 παῖς

316 674 406 741 ξύν
431 698 485 730 τε
525 673 884 748 Δομνεντιόλῳ
922 677 1006 728 καὶ
1026 674 1238 748 Ἰωάννῃ
1272 681 1345 749 τῷ
1377 681 1529 750 Φαγᾷ
1555 675 1649 744 τὴν
1679 676 1936 742 ἐπίκλησιν
1963 675 2189 744 gorea-5

139 779 174 821 Ρ
207 778 287 822 149
315 758 685 816 τοπεὸεὖσαντο
714 760 844 832 πρὸς
872 766 945 834 τῷ
977 762 1153 815 Φισών
1179 761 1472 835 καλουμένῳ
1495 761 1758 833 φρουρίῳ,
1787 758 1911 829 ὅπερ
1938 755 2151 829 ἄγχιστά

249 1696 305 1746 Β.

315 870 386 916 πη
420 852 524 900 τῶν
556 843 1016 918 Μαρτυροπόλεως
1050 845 1219 918 ὁρίων.
1251 849 1402 901 ἐστίν.
1503 844 1638 900 οὕτω
1673 846 1766 913 μὲν
1793 838 1883 898 οἶν
1905 845 2152 914 ἐστρατο-

319 929 626 986 πεδεύσαντο
671 932 719 985 οἳ
747 929 1011 999 Ῥωμαίων
1060 933 1302 1002 ἄρχοντες
1339 932 1431 986 οὖν
1467 940 1576 993 τοῖς
1633 929 1899 998 ἑπομένοις
1910 970 1927 995 ,
1987 926 2152 1000 ξυνῇει

321 1019 378 1071 δὲ
399 1015 425 1071 ὃ
457 1017 678 1087 στρατὸς
707 1015 845 1078 ἅπας
867 1019 938 1079 εἷς
961 1020 1307 1086 τρισμυρίους.
1396 1010 1538 1071 οὗτοι
1560 1014 1779 1077 ἅπαντες
1806 1013 1922 1068 οὕτε
1950 1015 2002 1076 ἐς
2024 1014 2152 1066 ταῦ-

318 1103 377 1156 τό
406 1103 738 1172 ξυνελέγησαν
764 1101 825 1154 οὗ
842 1102 946 1170 μὴν
971 1102 1087 1156 οὕτε
1112 1101 1350 1171 ἀλλήλοις
1377 1103 1427 1164 ἒς
1450 1099 1630 1172 λόγους
1653 1095 1836 1169 ἦλθον.
1927 1100 2152 1167 πέμπον-
2170 1106 2224 1148 10

317 1208 402 1249 τες
438 1190 494 1240 δὲ
527 1187 659 1256 παρ’
703 1185 956 1254 ἀλλήλους
994 1188 1043 1240 οἳ
1082 1189 1358 1258 στρατηγοὶ
1395 1192 1498 1240 τῶν
1535 1187 1708 1256 σφίσιν
1736 1183 1989 1253 ἑπομένων
2012 1186 2156 1247 τινὰς

316 1270 443 1343 ὑπὲρ
471 1277 565 1341 τῆς
595 1273 811 1341 ἐσβολῆς
849 1269 1215 1326 ἐπυνθάνοντο.
1303 1270 1453 1342 ἄφνω
1484 1271 1540 1323 δὲ
1573 1271 1807 1339 Πέτρος,
1854 1268 2019 1322 οὐδενὶ
2047 1291 2155 1323 κοι-

320 1354 751 1427 νολογησάμενος,
798 1356 888 1420 ξὺν
916 1364 1023 1419 τοῖς
1053 1357 1191 1428 ἀμφ’
1222 1355 1381 1410 αῧτὸν
1405 1356 1778 1417 ἀνεπισκέπτως
1800 1355 1851 1416 ἐς
1886 1353 1981 1423 τὴν
2004 1360 2156 1408 πολε-

320 1446 445 1509 μίαν
475 1442 759 1508 ἐσέβαλλεν.
847 1439 970 1511 ὅπερ
996 1439 1163 1517 ἡμέρᾳ
1192 1446 1258 1513 τῇ
1285 1441 1606 1512 ἓπιγενομένῃ
1644 1437 1843 1510 γνόντες
1875 1438 2156 1509 Φιλημούθ

315 1547 370 1579 τε
399 1529 481 1579 καὶ
507 1530 685 1597 Βῆρος
699 1567 715 1592 ,
756 1526 804 1580 οἱ
827 1531 932 1580 τῶν
950 1525 1206 1598 Ἐρούλων
1230 1524 1500 1598 ἡγούμενοι
1516 1566 1534 1592 ,
1582 1525 1740 1588 εὐθὺς
1770 1527 1986 1580 εἵποντο.
2052 1526 2160 1579 ἐπεί
2172 1534 2224 1577 15

317 1633 370 1664 τε
397 1617 563 1665 ταῦτα
589 1613 640 1665 οῗ
661 1633 714 1665 τε
738 1611 871 1683 ἀμφὶ
897 1616 1171 1685 Μαρτῖνον
1199 1615 1283 1666 καὶ
1308 1611 1621 1682 Βαλεριανόν
1643 1611 1844 1679 ἔμαθον
1857 1651 1874 1676 ,
1913 1617 1976 1682 τῇ
2003 1612 2156 1678 ἐσβο-

317 1701 380 1767 λῇ
421 1697 555 1750 κατὰ
597 1694 755 1765 τάχος
791 1699 1033 1768 ἐχρῶντο.
1123 1690 1425 1760 ἅπαντεςδὲ
1476 1694 1714 1766 ἀλλήλοις
1756 1695 1906 1768 ὀλίγῳ
1935 1696 2151 1767 ὕστερον

320 1782 648 1852 ἀνεμίγνυντο
679 1785 732 1835 ἐν
757 1788 820 1854 τῇ
847 1786 1063 1858 πολεμία
1075 1825 1092 1851 ,
1150 1784 1283 1853 πλὴν
1304 1781 1534 1836 Ἰούστου
1556 1803 1610 1836 τε
1632 1784 1716 1835 καὶ
1749 1787 1854 1834 τῶν
1878 1781 1967 1845 ξὺν
1992 1782 2152 1855 αὐτῷ,

319 1867 376 1920 οἳ
407 1867 471 1934 δὴ
502 1865 707 1937 μακράν
744 1889 795 1920 τε
836 1868 1062 1934 ἄποθεν,
1122 1868 1292 1939 ὥσπερ
1317 1866 1546 1938 ἐρρήθη,
1601 1866 2157 1936 στρατοπεδευσάμενοι

317 1957 412 2004 τοῦ
451 1951 609 2005 ἄλλου
656 1958 914 2023 στρατοῦ,
973 1956 1055 2006 καὶ
1106 1951 1276 2028 χρόνῳ
1318 1953 1534 2023 ὕστερον
1569 1953 1662 2022 τὴν
1696 1953 1893 2005 ἐκείνων
1937 1953 2227 2021 ἕσβολὴνΞΟ

318 2035 549 2106 γνόντες,
597 2039 681 2090 καὶ
708 2037 853 2091 αὐτοὶ
877 2040 970 2105 μὲν
996 2038 1271 2107 ἐσέβαλλον
1294 2036 1363 2100 ὥς
1384 2037 1598 2106 τάχιστα
1625 2039 1678 2099 ἐς
1698 2037 1790 2106 τὴν
1817 2037 1934 2090 κατ’
1965 2037 2153 2101 αὐτοὺς

320 2124 595 2189 πολεμίαν,
644 2121 1023 2192 ἀναμίγνυσθαι
1054 2126 1109 2177 δὲ
1131 2133 1238 2186 τοῖς
1266 2121 1601 2195 ξυνάρχουσιν
1632 2122 1834 2191 οὐδαμῆ
1869 2122 2032 2191 ἴσχον.
2106 2125 2155 2178 οἳ

437 2272 479 2314 1.
512 2267 784 2327 Φιλημούθ]
831 2271 1093 2315 Philumenes
1121 2272 1216 2318 RV.
1367 2272 1411 2316 2.
1441 2271 1783 2329 Χορζιανηνῆς]
1825 2275 2156 2330 χορυζιανηνῆς

433 2328 502 2370 H:
532 2329 637 2371 illud
665 2329 763 2372 Hm.
796 2329 1127 2373 Chorzianorum
1151 2333 1247 2374 loca
1269 2330 1364 2373 Rv.
1423 2328 1534 2372 Vide
1560 2330 1748 2373 Coteler.
1779 2332 1832 2373 ad
1859 2332 2043 2374 Monuni.
2070 2334 2156 2375 Ec-

435 2387 537 2428 cles.
568 2385 652 2428 vol.
681 2386 739 2429 ΙΙ.
778 2401 823 2444 p.
850 2389 953 2432 570.
980 2390 1083 2433 571.
1263 2389 1307 2434 6.
1350 2384 1534 2443 Φισῶν]
1578 2389 1731 2432 Φισών
1762 2387 1808 2429 Ρ.
1884 2388 2057 2433 Φεισὼν
2102 2391 2157 2435 de

435 2441 580 2485 Aedis.
626 2457 669 2499 p.
702 2445 759 2488 56
796 2458 837 2486 a.
1014 2445 1056 2488 7.
1100 2445 1531 2503 Μαρτυροπόλεως]
1583 2446 1997 2501 μαρτυρουπόλεως
2061 2447 2157 2491 HL.

440 2499 508 2542 14.
538 2496 753 2556 γνόντες]
811 2498 969 2554 νόντες
997 2502 1075 2547 καὶ
1103 2503 1198 2547 BL.
1315 2503 1421 2546 ibid.
1454 2503 1730 2559 Φιλημοῦθ]
1761 2503 2031 2548 Philumenes
2062 2505 2156 2548 RV.

437 2558 507 2602 19.
537 2554 741 2615 ἐρρήθη]
797 2557 943 2616 §ca-{8⁷2
974 2560 1024 2603 Ρ.

324 2681 502 2738 regione
531 2684 742 2738 agebant,
779 2685 967 2729 ducebat
1003 2685 1195 2730 Isaacius
1225 2686 1428 2730 Narsetis
1457 2688 1609 2734 frater.
1666 2687 1715 2731 In
1757 2685 2158 2732 Chorzianenencse
2224 2686 2254 2743 ’ᾖ

325 2739 548 2782 contulere
589 2754 671 2782 non
710 2742 839 2798 longe
882 2758 907 2785 a
950 2743 1127 2786 Marfini
1167 2744 1320 2787 castris
1351 2744 1597 2788 Philemuth
1626 2751 1672 2788 et
1705 2746 1842 2787 Verus
1872 2758 1964 2787 cum
1994 2745 2156 2800 Erulis,
2219 2744 2254 2778 θ’

325 2797 479 2853 quibus
511 2806 756 2853 praeerant.
811 2799 958 2842 Iustus
988 2800 1168 2858 Augusti
1199 2816 1254 2843 ex
1285 2803 1422 2844 fratre
1450 2816 1609 2859 nepos,
1651 2807 1697 2845 et
1727 2801 1958 2853 Peranius,
2001 2810 2046 2844 et
2072 2802 2156 2844 Ni-

323 2858 446 2896 cetae
474 2853 588 2895 filius
617 2855 819 2908 Ioannes,
862 2871 954 2899 cum
986 2858 1283 2902 Domnentiolo
1315 2874 1365 2902 ac
1405 2859 1566 2904 Ioanne
1599 2861 1849 2916 cognomine
1878 2859 2072 2902 Heluone
2101 2861 2157 2903 ad

323 2909 546 2952 castellum
576 2911 738 2955 Phison
767 2913 890 2956 limiti
919 2914 1265 2972 Martyropoleos
1288 2917 1520 2972 proximum
1550 2923 1691 2959 castra
1718 2918 1925 2959 locarunt.
1983 2917 2051 2959 lta
2079 2916 2158 2959 de-

324 2979 433 3009 mum
473 2967 655 3011 Romani
685 2969 815 3012 duces
856 2985 948 3012 curn
981 2973 1070 3014 suis
1108 2973 1259 3016 metati
1295 2978 1409 3015 sunt.
1468 2977 1627 3017 Omnes
1670 2987 1797 3030 porro
1827 2972 1979 3028 copiae
2009 2987 2157 3017 nume-

323 3037 415 3065 rum
439 3037 538 3066 XXX.
571 3038 617 3068 Μ.
662 3026 956 3070 conficiebant.
1013 3033 1072 3071 At
1111 3044 1195 3072 non
1235 3030 1430 3073 coierant.
1469 3043 1598 3072 unum
1635 3029 1681 3071 in
1719 3043 1899 3086 corpuS,
1940 3044 2081 3086 neque
2109 3032 2155 3074 in

326 3080 583 3136 colloquium
629 3084 1018 3127 contrahebantur=
1057 3092 1219 3128 tantum
1250 3101 1330 3141 per
1357 3087 1564 3143 quosdam
1594 3101 1619 3129 e
1642 3087 1730 3129 suis
1761 3086 1937 3128 consilia
1965 3086 2079 3130 inter
2106 3102 2156 3131 se

326 3138 458 3179 duces
493 3137 547 3180 de
574 3138 772 3182 facienda
808 3140 1046 3194 irruptione
1075 3142 1321 3186 miscebant.
1382 3145 1576 3199 Repente
1604 3150 1743 3186 autem
1775 3144 1956 3195 Petrus,
1998 3145 2155 3188 nemini

326 3196 629 3238 communicato
662 3196 864 3248 consilio,
910 3197 955 3239 in
982 3198 1136 3242 hostile
1163 3200 1294 3242 solum
1337 3214 1437 3242 suas
1477 3208 1636 3242 turmas
1662 3200 1930 3257 inexplorato
1970 3201 2152 3247 induxit.
2215 3203 2248 3255 ’ἡ

328 3253 426 3303 Quo
459 3252 669 3307 postridie
713 3253 910 3309 cognito,
949 3254 1087 3298 secuti
1115 3256 1316 3298 continuo
1344 3263 1444 3299 sunt
1474 3257 1714 3300 Philemuth
1754 3263 1800 3301 et
1830 3259 1966 3302 Verus
1996 3259 2153 3303 Erulo-
2205 3256 2254 3285 *θ*

326 3322 420 3351 rum
451 3310 594 3352 duces.
653 3310 870 3353 Martinus
911 3325 1079 3367 quoque
1107 3326 1159 3354 ac
1192 3313 1470 3366 Valerianus,
1499 3314 1620 3356 simul
1649 3315 1756 3358 haec
1789 3316 1986 3368 audiere,
2015 3316 2154 3359 intra·
2212 3317 2251 3359 ¹”.

327 3376 428 3407 runt
458 3366 640 3409 hostium
670 3367 802 3419 fines;
830 3366 904 3409 ubi
933 3381 1028 3411 sese
1057 3382 1202 3412 omnes
1230 3371 1463 3421 miscuere,
1493 3378 1791 3429 praeterquam
1819 3372 1975 3424 Iustus,
2005 3379 2051 3415 et
2080 3374 2152 3430 qui
2215 3392 2254 3454 ᾖ

332 3437 423 3464 cum
464 3422 559 3478 ipso
600 3429 748 3475 erant,
789 3425 940 3480 longe,
978 3429 1026 3468 ut
1069 3425 1284 3477 diximus,
1326 3442 1352 3468 a
1392 3429 1555 3483 reliquo
1597 3430 1788 3473 exercitu
1817 3437 1958 3472 castra
1987 3432 2151 3474 metati.

330 3480 438 3524 Post
469 3482 525 3524 de
551 3481 719 3524 illorum
749 3481 991 3539 irruptione
1018 3483 1224 3528 certIores
1252 3483 1373 3538 facti,
1404 3485 1448 3528 in
1477 3485 1671 3529 hostilem
1701 3492 1747 3531 et
1770 3486 1856 3544 ipsi
1885 3501 2049 3543 agrum,
2077 3487 2152 3545 qui
