2184 3822
276 219 394 276 160
775 275 778 277 ,
1017 218 1351 275 PROCOPH

268 368 383 416 θειν
420 359 635 431 βασιλέα
670 354 1016 427 ῧποσχόμενος
1053 359 1253 433 ἀφεῖναι
1288 361 1463 424 αὐτοῖς
1486 359 1579 430 τὴν
1612 360 1787 430 καινὴν
1806 364 1898 413 τοῦ
1927 358 2092 431 φόρου

269 445 554 517 ἀπαγωγήν.
644 447 746 497 ἐπεὶ
786 447 841 497 δὲ
866 446 1022 499 αὐτὸν
1041 447 1279 514 βασιλεὺς
1299 453 1392 517 τῆς
1415 443 1702 515 μελλήσεως
1726 445 1890 498 πολλὰ
1916 445 2094 500 ὀνειδί-

268 535 365 598 ζων
392 531 634 595 ἒκάκιζεν,
682 529 896 599 ἠγμένος
925 540 1038 594 ταῖς
1056 531 1285 586 Ἀδολίου
1313 535 1578 600 διαβολαῖς
1602 537 1695 584 τοῦ
1714 531 1947 586 Ἀκακίου
1973 555 2095 586 παι-

86 635 124 675 V
151 631 239 679 284
267 618 384 682 δὸς,
425 618 654 669 ἐνταῦθα
682 614 781 684 ἤδη
808 612 834 668 ὃ
870 617 1052 679 Σίττας
1075 617 1139 670 τὰ
1164 619 1214 680 ἒς
1236 617 1328 685 τὴν
1352 616 1613 685 ξυμβολὴν
1639 615 1921 687 ἐξηρτύετο.
2011 621 2096 672 καὶ

265 707 471 773 πρῶτον
492 702 585 768 μὲν
611 698 909 768 ὑποσχέσεσι
934 707 1134 756 πολλῶν
1161 703 1373 773 ἀγαθῶν
1400 702 1694 756 ἀναπείθειν
1717 724 1770 757 τε
1795 705 1877 756 καὶ
1905 701 2137 774 ἓταιρί-δ

267 789 444 851 ζεσθαι
471 786 642 838 αὐτῶν
667 808 810 848 τινας
833 787 1164 858 ἐνεχείρησεν,
1215 786 1354 851 ὅπως
1379 787 1518 860 αὐτῷ
1539 785 1679 862 ῥᾴων
1705 810 1757 842 τε
1781 791 1866 841 καὶ
1894 788 2096 843 ἀπονω-

200 883 239 925 C
270 872 391 943 τέρα
417 869 450 940 ἦ
478 873 528 934 ἒς
552 871 674 933 τούς
700 872 909 934 λοιποὺς
931 872 1254 944 ἐπικράτησις
1279 874 1486 943 γε’νοιτο.
1563 874 1653 925 καί
1675 874 1722 926 οἳ
1747 873 1806 926 τὸ
1831 879 1932 927 τῶν
1949 874 2097 928 Ἀπε-

265 962 450 1011 τιανῶν
480 957 802 1024 καλουμένων
821 957 979 1027 γε’νος,
1026 959 1154 1030 μέγα
1181 981 1234 1012 τε
1263 958 1320 1012 ὃν
1343 961 1426 1012 καὶ
1451 954 1882 1029 πολυάνθρωπον,
1929 979 2095 1031 προσ-

262 1052 443 1112 χωρεῖν
490 1042 660 1111 ἤθελε.
747 1042 1043 1111 πέμψαντίς
1091 1067 1146 1099 τε
1193 1044 1334 1115 παρὰ
1373 1044 1461 1098 τὸν
1493 1045 1682 1098 Σίτταν
1715 1046 1766 1097 ἓν
1803 1042 2097 1115 γράμμασιν

268 1130 465 1182 ἐδέοντο
492 1126 688 1182 διδόναι
711 1129 777 1182 τὰ
798 1129 952 1182 πιστὰ
980 1131 1179 1201 σφίσιν,
1225 1129 1303 1184 ὅτι
1339 1130 1403 1199 δὴ
1418 1170 1434 1196 ,
1479 1128 1543 1198 ἢν
1566 1134 1638 1202 τῷ
1668 1128 1794 1203 ἔργῳ
1819 1130 1942 1193 τούς
1968 1129 2095 1199 ὅμο-

266 1223 419 1284 γενεῖς
449 1209 779 1276 ἄπολιπόντες
812 1212 999 1282 ἥξωσιν
1037 1217 1088 1278 ἐς
1132 1215 1225 1284 τὴν
1261 1213 1522 1284 Ῥωμαίων
1563 1213 1873 1286 παράταξιν,
1927 1222 2095 1271 κακῶν

266 1297 590 1354 παντάπασιν
616 1300 836 1362 ἀπαθεῖς
857 1302 1063 1368 μείνωσι
1076 1342 1093 1367 ,
1138 1301 1204 1354 τὰ
1227 1301 1447 1372 σφέτερα
1473 1300 1644 1353 αὐτῶν
1669 1300 1879 1369 ἔχοντες.
1971 1301 1997 1358 ὅ
2039 1303 2097 1357 δὲ

268 1385 443 1446 αὐτοῖς
479 1383 696 1451 ἄσμενός
732 1406 784 1438 τε
826 1383 1036 1455 γράψας
1077 1388 1128 1439 ἓν
1164 1389 1431 1460 βιβλιδίῳ,
1479 1382 1719 1454 καθάπερ
1756 1387 1982 1455 ἐδεόντο,
2027 1387 2095 1442 τὰ
2148 1423 2149 1426 =

267 1470 422 1523 πιστὰ
444 1469 595 1523 ἔδωκε
610 1511 626 1536 ,
667 1472 750 1522 καὶ
773 1469 831 1523 τὸ
859 1469 1070 1541 γράμμα
1094 1467 1582 1541 κατασημηνάμενος
1604 1471 1654 1533 ἔς
1678 1472 1865 1535 αὐτοὺς
1885 1472 2094 1543 ἔπεμψε.

266 1560 485 1625 θαρσῶν
523 1576 576 1608 τε
619 1553 688 1617 (ὃς
724 1554 795 1607 δι’
839 1555 1009 1610 αὐτῶν
1042 1557 1264 1626 ἀμαχητὶ
1313 1562 1406 1611 τοῦ
1443 1557 1668 1625 πολέμου
1709 1555 1972 1629 κρατήσει,
2022 1565 2109 1634 τῷ.

2140 1193 2155 1226 ἰ

264 1643 414 1694 παντὶ
441 1646 647 1713 στρατῷ
677 1642 727 1702 ἔς
744 1642 936 1710 χωρίον
967 1639 1327 1712 Οἷνοχαλάκων
1350 1642 1456 1715 ᾔει,
1504 1642 1634 1696 ἔνθα
1669 1644 1791 1707 τοὺς
1806 1643 2099 1715 Ἀρμενίους
2134 1643 2162 1676 Ὗ

196 1738 237 1781 D
267 1727 765 1797 ἔστρατοπεδεῢσθαι
794 1727 1065 1795 ξυνίβαινε.
1152 1725 1281 1800 τύχῃ
1317 1730 1376 1783 δέ
1406 1749 1501 1781 τινι
1528 1729 1576 1782 οἶ
1599 1729 1656 1783 τὸ
1675 1731 1878 1798 βιβλίον
1902 1729 2099 1800 ἔχοντες
2153 1724 2158 1731 ⁴

263 1810 411 1886 ἑτέρα
447 1810 606 1873 ἰόντες
648 1809 750 1884 ὁδῷ
780 1811 1091 1875 Ἀπετιανοΐς
1127 1815 1347 1883 ἐντυχεῖν
1381 1813 1585 1884 οὐδαμῆ
1620 1814 1850 1883 ἴσχυσαν.
1936 1825 2094 1888 μοῖρα
2144 1811 2161 1884 ,Ῐξ

263 1898 435 1965 μέντοι
460 1902 552 1950 τοῦ
572 1895 835 1965 Ῥωμαίων
854 1905 1079 1970 στρατοῦ
1111 1899 1294 1970 ὀλίγοις
1319 1902 1449 1954 τισὶν
1473 1900 1643 1955 αὐτῶν
1663 1898 1971 1970 ἐντυχόντες,
2003 1901 2096 1956 οὐκ

262 1981 450 2045 εἰδότες
487 2003 541 2035 τε
574 1982 638 2035 τὰ
674 1984 992 2052 ξυγκειζιιενα,
1043 1982 1112 2047 ὥς
1147 1987 1404 2054 πολεμίοις
1442 1982 1739 2058 ἐχρήσαντο.
1825 1989 1910 2040 καὶ
1939 1986 2095 2050 αὐτὸς

262 2071 454 2130 Σίττας
487 2069 539 2121 ἓν
581 2070 814 2141 σπηλαίῳ
854 2091 955 2122 που
996 2069 1185 2134 παῖδάς
1217 2093 1269 2125 τε
1307 2069 1476 2124 αὐτῶν
1521 2074 1606 2124 καὶ
1639 2079 1882 2141 γυναῖκας
1919 2072 2094 2141 λαβὼν
2136 2065 2162 2132 ³⁷2³

262 2151 499 2219 ἔκτεινεν,
547 2151 578 2220 ἢ
617 2153 675 2206 τὸ
713 2155 915 2223 γεγονὸς
954 2155 1014 2208 οὗ
1055 2155 1291 2225 ξυνιεὶςῆ
1326 2156 1398 2210 δι’
1425 2157 1577 2227 ὀργῆς
1594 2157 1921 2221 Ἀπετιανούς
1948 2157 2095 2228 ἔχων,

262 2237 340 2292 ὅτι
366 2239 441 2305 οἱ,
487 2235 724 2310 καθάπερ
750 2240 995 2302 ξυνέκειτο
1009 2283 1025 2308 ,
1075 2242 1134 2295 οὗ
1159 2239 1534 2314 προσεχώρουν.

373 2350 414 2392 6.
446 2344 747 2403 ἐνεχείρησεν]
778 2345 1060 2404 ἀνεχώρησεν
1087 2350 1186 2393 Hm.
1313 2351 1356 2396 7.
1383 2346 1432 2403 ἐς
1460 2349 1512 2392 Α.
1570 2349 1638 2400 εἰς
1665 2348 1719 2392 Ρ.
1842 2349 1948 2393 ibid.
1970 2344 2094 2396 Ἀπε-
2127 2357 2135 2395 ’.’

373 2405 573 2460 τιαναῑν]
614 2406 842 2461 Aspetiani
868 2407 949 2449 RV
989 2407 1060 2450 hic
1083 2414 1127 2451 et
1154 2409 1283 2452 infra.
1459 2409 1529 2453 18.
1574 2406 1812 2465 βιβλιδίῳ]
1848 2409 2008 2466 βιβλίῳ
2037 2408 2090 2451 L.

375 2465 443 2507 18.
471 2462 768 2518 Ἀπετιανοῖς]
803 2463 1094 2517 ἀπεστιανοῖς
1120 2466 1171 2508 L.
1301 2466 1374 2512 21.
1405 2465 1602 2520 Σίττας]
1632 2463 1709 2510 ἰού
1740 2464 1818 2510 ἰού
1848 2468 1894 2510 τί
1921 2466 2090 2512 πέπον·

371 2523 467 2572 θοις
500 2522 650 2575 σίττα,
679 2536 824 2578 margo
854 2523 906 2567 A.

233 2609 308 2649 *ut
347 2620 421 2649 eos
463 2621 575 2651 nova
611 2606 766 2650 tributi
810 2607 1009 2664 pensione
1051 2607 1230 2651 levaret.
1308 2607 1365 2650 At
1406 2610 1628 2664 postquam
1657 2607 1749 2651 eius
1781 2607 2091 2652 cunctationem
2140 2635 2156 2670 '.

258 2666 474 2720 Augustus
524 2665 741 2707 calumniis
780 2667 919 2708 Adolii
959 2665 1038 2708 filii
1079 2665 1227 2708 Aeacii
1263 2663 1462 2708 inductus
1497 2665 1620 2721 gravi
1660 2667 1827 2710 notavit
1855 2667 2092 2722 exprobra-
2122 2665 2161 2722 ,Ἴ

254 2721 398 2771 tione,
428 2734 475 2763 se
504 2721 558 2763 ad
589 2723 791 2778 praelium
823 2723 1032 2766 accinxit:
1065 2723 1183 2779 prius
1213 2728 1354 2764 tamen
1379 2722 1528 2779 amplis
1560 2723 1936 2779 pollicitationibus
1965 2725 2020 2767 ad
2043 2737 2092 2766 se
2123 2675 2161 2791 ξ

253 2779 508 2835 pertrahere
536 2779 757 2821 nonnullos
785 2779 954 2836 sibique
983 2781 1217 2836 adiungere
1246 2779 1452 2831 tentavit,
1482 2794 1566 2836 quo
1595 2780 1765 2823 facilius
1794 2780 1983 2837 reliquos
2013 2794 2096 2823 ex-
2131 2776 2161 2827 μ’.

253 2840 480 2892 pugnaret.
537 2835 708 2892 Iamque
739 2837 960 2893 Apefiani,
989 2852 1142 2892 magna
1170 2852 1222 2880 ac
1251 2838 1453 2893 frequens
1482 2836 1598 2879 natio
1615 2868 1628 2889 ‚
1657 2838 1917 2882 deditionem
1943 2838 2089 2880 facere
2132 2835 2161 2898 ,ᾗ

253 2892 588 2944 constituerant,
632 2898 676 2934 et
715 2907 794 2949 per
832 2894 997 2949 legatos
1037 2895 1164 2937 fidem
1204 2909 1230 2937 a
1260 2893 1379 2936 Sitta
1409 2894 1626 2950 petierant
1662 2895 1826 2953 scripto
1871 2899 2091 2948 testatam,
2128 2892 2159 2949 ζ-..Ᾰ

251 2948 289 2991 si
318 2949 462 3004 reipsa
493 2963 519 2992 a
548 2951 825 3006 popularibus
856 2951 942 2993 suis
973 2951 1027 2995 ad
1058 2952 1192 2994 aciem
1225 2951 1450 2993 Romanam
1480 2952 1741 3000 transirent.
1783 2966 1860 2995 sua
1899 2966 1948 2994 se
1986 2964 2098 3009 pos·

252 3019 444 3048 sessuros
471 3005 730 3059 incolumes;
761 3022 811 3049 ac
839 3007 1022 3051 libenter
1051 3009 1146 3061 ille,
1178 3007 1520 3065 quemadmodum
1550 3009 1851 3065 postulabant,
1878 3009 2004 3051 fidem
2033 3007 2089 3051 iis
2155 3019 2158 3022 ’

252 3064 433 3105 dederat
472 3064 710 3107 mandatam
749 3065 938 3120 scripto,
985 3065 1219 3122 literasque
1262 3064 1511 3120 obsignatas
1556 3066 1753 3117 miserat3
1809 3065 1914 3121 quin
1960 3065 2092 3109 etiam-

251 3119 438 3176 ipsorum
475 3135 606 3177 opera
644 3123 870 3163 victoriam
914 3122 1074 3179 absque
1105 3121 1266 3178 praelio
1294 3121 1378 3164 sibi
1406 3121 1618 3178 spondens
1648 3137 1742 3164 cum
1773 3124 1964 3166 exercitu
1993 3121 2089 3165 uni-

248 3191 374 3221 verso
407 3182 648 3220 accesserat
679 3179 1029 3232 Oenochalacos,
1061 3180 1135 3221 ubi
1166 3184 1312 3221 castra
1340 3179 1557 3222 habebant
1587 3179 1799 3222 Armenii:
1826 3179 1903 3222 sed
1927 3178 2089 3223 accidit
2123 3178 2147 3231 ,’

248 3238 297 3276 ut
325 3234 544 3276 tabellarii
574 3235 787 3277 diversam
815 3235 1002 3290 ingressi
1031 3236 1140 3278 viam
1171 3238 1223 3278 ab
1253 3235 1478 3292 Apetianis
1507 3235 1816 3279 deerraverint.
1852 3237 2087 3280 Praeterea
2123 3257 2145 3282 μ

253 3305 357 3359 pars
386 3291 562 3334 Romani
593 3292 802 3335 exercitus
831 3299 957 3336 nacta
988 3307 1040 3335 ex
1070 3307 1213 3336 eorum
1253 3307 1424 3336 numero
1465 3293 1654 3349 aliquot,
1696 3299 1740 3336 et
1783 3299 2094 3337 conventorum:

253 3362 431 3404 :gnara‚
467 3348 583 3405 ipsos
622 3363 700 3406 pro
745 3349 937 3392 hostibus
972 3350 1134 3392 habuit.
1191 3350 1390 3406 Denique
1432 3350 1572 3393 Sittas
1610 3351 1706 3408 ipse
1733 3349 1895 3394 liberos
1919 3351 2086 3394 illorum
2147 3354 2150 3359 ’

256 3413 301 3448 et
329 3405 530 3461 coniuges
557 3406 602 3448 in
632 3406 811 3463 quadam
840 3407 1041 3462 spelunca
1071 3407 1358 3462 deprehensos
1387 3407 1645 3459 trucidavit,
1672 3408 1763 3451 sive
1794 3407 1955 3451 inscius
1988 3406 2085 3464 qui-

254 3477 350 3506 nam
376 3469 540 3517 essent,
567 3464 661 3508 sive
688 3463 824 3508 iratus
853 3464 1102 3521 Apetianis‚
1130 3464 1245 3520 quod
1275 3463 1329 3507 ad
1358 3477 1432 3516 se,
1460 3472 1507 3508 ut
1525 3470 1807 3517 convenerat,
1835 3479 1922 3509 non
1942 3470 2085 3509 traus-
2109 3494 2116 3498 -
2157 3469 2161 3491 ³

2127 3490 2161 3695 λῑ

251 3521 467 3578 fugerent.

1970 3662 1976 3681 l
