2254 3814
327 199 446 258 190
1076 201 1411 255 PROCOPII

321 342 420 416 νία.
512 335 575 395 οὗ
614 342 707 410 δὴ,
755 343 867 410 περὶ
905 337 1181 404 ἐλάσσονος
1203 341 1368 396 τᾶλλα
1398 340 1697 411 ποιοίμενος
1721 340 1953 409 ἅπαντα,
1998 343 2153 412 ἤθελε

318 436 426 489 τοῖς
443 424 703 494 Ῥωμαίων
724 423 1067 496 στρατιώταις
1092 428 1267 498 καιρὸν
1292 427 1542 482 ἐνδιδόναι
1555 469 1571 495 ,
1617 427 1747 481 ὥστε.
1774 428 1893 481 κατ’
1921 429 2154 491 ἐξουσίαν

318 518 383 583 τῇ
423 518 559 582 φυγῇ
593 517 843 581 χρῆσθαι.
936 512 1012 565 διὸ
1046 513 1107 581 δὴ
1142 517 1223 566 καὶ
1247 523 1359 575 ταῖς
1378 516 1523 584 χερσὶ
1554 521 1661 575 τοῖς
1685 511 1926 584 φεύγουσι
1952 514 2155 582 Πέρσαι

318 599 646 664 ση,ιιαι’νοντες
682 594 1019 651 ἐνεκελεύοντο
1050 596 1247 668 φεύγειν
1273 597 1341 661 ὥς
1365 598 1598 666 τάχιστα.
1688 599 1735 652 οἱ
1759 600 1853 667 μὲν
1875 593 1967 652 οὖν
1993 620 2155 669 στρα-

315 687 494 734 τιῶται
517 679 778 749 Ῥωμαίων
805 683 893 745 ξὺν
918 692 1026 746 τοῖς
1055 683 1228 746 ἄλλοις
1247 684 1490 755 ἄρχουσιν
1516 681 1748 746 ἀπιόντες
1772 684 1964 757 ᾤχοντο
1991 683 2198 743 ἅπαν-5

252 782 292 825 D
323 788 405 827 τες
432 766 517 818 διὰ
542 765 732 836 πύλης,
763 766 797 837 ’ἢ
826 770 906 821 ἐπὶ
929 767 1153 840 Δάφνην
1179 769 1284 840 ἄγει
1308 771 1366 823 τὸ
1394 775 1496 823 τῶν
1516 769 1808 837 Ἀντιοχέων
1834 767 2152 839 προάστειον.

319 848 512 920 ταύτης
540 852 637 923 γὰρ
665 851 828 921 μόνης
839 895 856 920 ,
901 860 1004 908 τῶν
1031 855 1198 909 ἄλλων
1220 854 1657 923 κατειλημμένων,
1704 854 1984 923 ἀπέσχοντο
2013 854 2157 924 Πέρ-

319 956 434 989 σαι·
478 943 571 990 τοῦ
614 939 669 991 δὲ
705 937 871 1007 δήμου
910 940 1065 1009 ὀλίγοι
1098 943 1227 1002 τινὲς
1267 941 1357 1003 ξὺν
1393 950 1500 1002 τοῖς
1539 937 1878 1011 στρατιώταις
1902 939 2153 1010 διέφυγον.

318 1023 420 1075 ἐπεὶ
463 1024 519 1075 δὲ
546 1024 748 1094 Πέρσαι
779 1023 1011 1087 ἅπαντας
1048 1027 1169 1088 τοὺς
1189 1023 1452 1094 Ῥωμαίων
1477 1023 1795 1096 στρατιώτας
1821 1024 1954 1078 εἶδον
1981 1023 2157 1095 πρόσω

315 1106 684 1177 χωρήσαντας,
733 1109 1050 1178 καταβάντες
1080 1111 1182 1164 ἀπὸ
1208 1119 1297 1180 τῆς
1325 1111 1485 1182 ἄκρας
1509 1113 1560 1163 ε”ν
1582 1113 1713 1181 μέσῃ
1741 1108 1882 1164 πόλει
1911 1111 2152 1180 ἐγένοντο.
2171 1127 2227 1171 10

321 1195 552 1247 ἐνταῦθα
576 1196 631 1247 δὲ
657 1194 833 1257 αὐτοῖς
855 1202 958 1249 τῶν
978 1196 1270 1265 Ἀντιοχέων
1291 1200 1479 1250 νεανίαι
1503 1200 1679 1250 πολλοὶ
1706 1198 1757 1258 ἐς
1771 1205 1945 1268 χεῖρας
1972 1193 2157 1249 ἐλθόν-

322 1300 404 1339 τες
443 1279 506 1332 τὰ
537 1285 716 1350 πρῶτα
753 1282 1126 1351 καθυπέρτεροι
1154 1282 1333 1345 ἔδοξαν
1359 1287 1424 1353 τῇ
1457 1285 1688 1352 ξυμβολῇ
1714 1279 1853 1335 εἶναι.
1941 1276 2075 1350 ἦσαν
2103 1281 2159 1335 δὲ

323 1365 495 1418 αὐτῶν
524 1367 653 1427 τινὲς
677 1366 770 1431 μέν
799 1363 1029 1431 ὁπλῖται,
1078 1367 1126 1420 οἱ
1148 1368 1204 1420 δὲ
1226 1372 1449 1419 πλεῖστοι
1474 1369 1654 1436 γυμνοὶ
1678 1368 1760 1419 καὶ
1787 1368 1954 1420 λίθων
1977 1371 2159 1434 βολαῖς
2232 1438 2233 1442 ¹

315 1447 570 1519 χρώμενοι
622 1448 820 1518 μόναις.
910 1449 1164 1519 ὠσάμενοι
1219 1453 1275 1505 δὲ
1314 1452 1434 1512 τοὺς
1473 1453 1744 1519 πολεμίους
1781 1449 2067 1518 ἐπαιάνιζόν
2103 1473 2158 1505 τε

318 1537 400 1587 καὶ
421 1535 775 1588 Ἰουστινιανὸν
800 1538 1016 1603 βασιλέα
1041 1539 1357 1604 καλλίνικον,
1386 1536 1474 1591 ἅτε
1501 1535 1838 1605 νενικηκότες,
1868 1537 2156 1607 ἀνέκραγον.
2173 1554 2195 1595 1
2230 1543 2235 1584 2

481 1620 561 1672 ’Ev
594 1618 760 1693 τούτῳ
789 1622 844 1674 δὲ
868 1620 1114 1691 Χοσρόης
1141 1625 1192 1676 ἐν
1221 1621 1396 1696 πύργῳ
1421 1628 1493 1696 τῷ
1520 1623 1651 1676 κατὰ
1677 1622 1769 1692 τὴν
1797 1622 1959 1694 ἄκραν
1987 1621 2159 1692 καθή-
2219 1622 2241 1656 '⁴

138 1715 173 1756 P
207 1716 292 1759 108
319 1727 471 1774 μενος
503 1706 627 1768 τοὺς
663 1707 897 1775 πρέσβεις
932 1708 1127 1762 ἐθέλων
1154 1730 1203 1762 τι
1226 1711 1377 1762 εἰπεῖν
1397 1708 1777 1778 μετεπέμψατο.
1866 1711 1949 1761 καὶ
1987 1708 2159 1762 αὐτῶν
2236 1723 2241 1749 ¹

316 1798 419 1845 τῶν
464 1813 540 1854 τις
581 1790 871 1862 ἀρχόντων,
932 1791 958 1846 ὃ
998 1792 1360 1864 Ζαβεργάνης,
1418 1792 1647 1863 οἰόμενος
1700 1791 2003 1861 ’ξυμβάσεως
2045 1793 2158 1864 πέρι

315 1875 602 1945 βούλεσθαι
640 1873 746 1939 τοῖς
773 1878 1041 1948 πρέσβεσιν
1076 1881 1126 1942 ἐς
1146 1877 1327 1949 λόγους
1350 1879 1475 1933 ι’έναι
1488 1907 1529 1945 ,·
1551 1880 1603 1941 ἐς
1629 1878 1752 1946 ὄψιν
1775 1900 1829 1932 τε
1857 1885 1931 1952 τῷ
1956 1884 2164 1947 βασιλεῖ
2235 1921 2238 1923 -

316 1963 448 2015 κατὰ
486 1961 644 2031 τάχος
681 1957 814 2031 ἦλθε.
860 1966 943 2016 καὶ
981 1963 1141 2028 ἔλεξεν
1179 1958 1277 2018 ὧδε
1332 2006 1372 2031 ,,
1395 1965 1523 2034 Οὐχὶ
1569 1961 1736 2018 ταύτά
1761 1987 1850 2031 μοι
1876 1967 2067 2031 δοκεῖς,
2117 1958 2229 2023 ὦῶ

314 2048 568 2114 δέσποτα,
610 2046 879 2117 Ῥωμαίοις
908 2049 1043 2119 ἀμφὶ
1076 2055 1138 2122 τῇ
1164 2048 1360 2104 τούτων
1386 2052 1614 2124 σωτηρίᾳ
1634 2047 1907 2120 γινώσκειν.
1994 2051 2042 2104 οἳ
2065 2051 2159 2119 μὲν

316 2133 414 2204 γὰρ
458 2135 541 2187 καὶ
583 2133 683 2203 πρὸ
720 2140 812 2187 τοῦ
849 2133 1084 2188 κινδύνου
1120 2133 1413 2206 ὑβρίζουσιν
1453 2137 1504 2199 ἐς
1541 2135 1636 2205 τὴν
1663 2137 1928 2203 βασιλείαν
1947 2135 2040 2205 τὴν
2059 2135 2155 2204 σὴν

315 2222 400 2272 καὶ
438 2217 717 2289 ἡσσημένοι
752 2222 987 2288 τολμῶσί
1021 2242 1074 2275 τε
1107 2221 1173 2274 τὰ
1210 2219 1450 2291 ἀμήχανα
1485 2223 1570 2275 καὶ
1607 2223 1768 2294 δρῶσι
1799 2221 1920 2284 τοὺς
1946 2222 2159 2294 Πέρσας

429 2354 472 2399 4.
514 2353 857 2411 ἐνεκελεύοντο]
886 2388 914 2409 ,,
928 2353 1249 2402 ἐνεκελεύοντο
1278 2357 1433 2415 Reg.“
1460 2357 1612 2403 Mam·-
1783 2359 1855 2403 22.
1883 2357 1972 2403 τοῦ
1998 2355 2158 2402 κινδύ-

431 2414 548 2469 νου]
580 2415 715 2467 ,,τὼ’ν
743 2413 970 2459 κινδύνων
996 2417 1150 2472 Bag-‘⁶
1179 2416 1330 2459 Maur.

319 2529 364 2570 in
395 2528 621 2584 postremis
651 2529 812 2571 habens
843 2529 929 2572 alia
960 2529 1142 2587 quaevis
1170 2529 1400 2580 chosroes,
1435 2528 1627 2572 Romano
1656 2527 1779 2572 militi
1807 2527 1951 2584 fugam
1975 2526 2158 2594 permit-

320 2594 415 2628 tere
446 2586 606 2636 voluit,
658 2587 713 2628 ad
746 2601 871 2642 quam
901 2588 1194 2630 maturandam
1225 2587 1384 2629 Persae
1424 2585 1656 2629 iactatione
1686 2599 1875 2628 manuum
1904 2585 2155 2629 incitabant.

319 2643 472 2699 Itaque
502 2657 594 2685 cum
626 2643 818 2686 Ducibus
850 2645 1027 2687 Romani
1056 2645 1209 2687 milites
1241 2643 1386 2687 exiere
1415 2657 1559 2685 omnes
1589 2657 1668 2700 per
1696 2657 1787 2685 eam
1821 2648 2004 2698 portam,
2046 2657 2159 2698 quae

318 2699 529 2757 Daphnen
575 2699 646 2753 (id
676 2701 920 2744 suburbium
951 2708 1018 2744 est
1047 2701 1327 2758 Antiochiae)
1372 2700 1516 2743 ducit:
1568 2701 1650 2743 hac
1690 2700 1799 2742 enim
1843 2714 1964 2742 unam
1998 2699 2158 2742 Persae

319 2757 514 2808 liberam,
546 2758 729 2800 caeteris
752 2760 988 2815 occupatis,
1018 2760 1296 2816 reliquerant.
1355 2757 1395 2800 E
1425 2758 1579 2815 populo
1610 2758 1816 2813 aufugere
1845 2756 2032 2800 nonnulli
2062 2770 2158 2800 cum

321 2814 552 2858 militibus:
576 2818 707 2870 ‘quos
737 2815 897 2858 Persae
936 2815 1008 2859 ubi
1038 2817 1205 2872 longius
1248 2822 1478 2872 provectos
1517 2815 1745 2866 viderunt,
1792 2814 2103 2857 descendentes
2133 2827 2158 2857 e

319 2873 471 2915 montis
501 2871 704 2927 fastigio,
756 2871 992 2916 intulerunt
1020 2887 1066 2916 se
1096 2875 1139 2917 in
1169 2874 1349 2917 mediam
1383 2873 1545 2916 urbem.
1605 2872 1692 2914 Hic
1721 2871 2037 2914 adolescentum
2069 2873 2158 2914 An·

319 2929 607 2972 tiochenorum
647 2942 824 2972 examen
857 2945 950 2973 cum
991 2931 1113 2973 hoste
1151 2945 1317 2974 manum
1347 2930 1410 2973 ita
1446 2930 1690 2981 conseruit,
1741 2936 1788 2971 ut
1818 2929 1991 2971 vin-cere
2030 2927 2156 2972 initio

319 2987 554 3030 videretur.
628 2986 790 3028 Armati
820 2987 1015 3043 quidam,
1065 2989 1258 3044 plerique
1287 2989 1469 3030 inermes
1507 2994 1655 3037 erant,
1700 3000 1751 3028 ac
1777 2985 1992 3041 lapidibus
2020 2985 2158 3028 solum

320 3045 577 3086 utebantur:
631 3043 714 3085 iam
744 3051 885 3087 tamen
917 3046 1071 3088 Persas
1104 3045 1376 3101 repulerant,
1418 3051 1463 3086 et
1506 3057 1673 3099 paeana
1717 3048 1921 3084 canentes
1955 3041 2158 3086 Iustinia-

317 3116 417 3144 num
448 3103 556 3156 Aug.
587 3107 790 3156 tanquam
823 3102 1012 3144 victores
1042 3103 1277 3144 callinicum
1310 3101 1642 3157 proclamabant.

433 3158 606 3201 Interea
637 3157 847 3202 Chosroes
877 3159 922 3200 in
951 3159 1059 3201 turri
1090 3161 1244 3202 sedens
1272 3172 1430 3201 summo
1460 3156 1590 3200 monti
1619 3155 1833 3212 imposita,
1869 3160 1914 3200 et
1942 3156 1985 3200 in
2017 3158 2155 3201 animo
2247 3211 2249 3213 Ι

318 3215 482 3258 habens
511 3214 727 3272 quippiam
770 3215 927 3272 legatis
971 3215 1140 3270 dicere,
1180 3230 1254 3259 eos
1285 3215 1418 3258 acciri
1446 3213 1579 3258 iubet.
1641 3213 1751 3255 'l'um
1781 3227 1890 3256 unus
1919 3229 1944 3257 e
1973 3215 2156 3258 ducibus
2234 3248 2249 3271 a

324 3273 613 3327 Zaberganes,
645 3277 763 3315 ratus
792 3274 901 3315 velle
920 3274 1078 3329 Regem
1111 3288 1204 3316 cum
1234 3272 1409 3328 Legatis
1437 3276 1564 3327 pacta
1592 3269 1857 3326 componere,
1886 3273 2023 3328 ipsum
2053 3286 2157 3329 pro·
2224 3280 2226 3289 ²

323 3329 440 3373 tinus
471 3330 577 3382 adit,
622 3329 768 3385 itaque
795 3330 969 3373 affatur.
1033 3331 1144 3373 Mihi
1172 3345 1257 3372 non
1286 3329 1462 3380 videris,
1492 3329 1688 3380 Domine,
1719 3329 1835 3370 idem
1865 3343 1960 3371 cum
1989 3330 2156 3372 Roma-
2235 3340 2247 3383 ς

323 3388 391 3429 nis
429 3389 584 3430 sentire
615 3393 657 3430 et
684 3393 876 3430 statuere
918 3389 971 3430 dc
1001 3389 1187 3442 ipsorum
1229 3389 1382 3429 salute.
1448 3385 1564 3427 Nam
1601 3392 1643 3428 et
1674 3392 1776 3428 ante
1808 3386 1965 3430 Martis
2005 3387 2158 3429 discri-

324 3459 423 3486 men
450 3445 742 3488 contumeliosi
777 3446 823 3487 in
852 3446 1127 3489 Maiestatem
1157 3452 1279 3488 tuam
1308 3447 1517 3498 fuerunt,
1570 3448 1614 3485 et
1643 3443 1746 3485 victi
1788 3443 1878 3487 iam
1919 3444 2030 3486 nihil
2070 3458 2155 3485 non

325 3516 458 3558 supra
485 3503 598 3549 vires
626 3503 812 3556 audent,
840 3509 968 3560 atque
997 3505 1042 3547 iu
1074 3503 1226 3548 Persas
1254 3501 1588 3558 implacabiliter
1608 3502 1792 3555 furunt,
1825 3502 1950 3558 quasi
1974 3515 2155 3545 verean-
