2184 3822
229 170 308 225 88
970 165 1321 220 PROCOPH.

403 315 583 363 Ταῦτα
605 304 827 369 ἀκούσας
855 302 1111 374 Καβάδης
1136 305 1251 360 οἷίτε
1274 305 1562 360 ἀντιτείνειν
1588 303 1703 359 οὕτε
1727 303 1950 359 ἀπιστεῖν
1978 302 2047 359 εἷ-

227 383 331 464 χεν.
415 389 477 463 ἦν
509 395 605 464 γὰρ
639 388 1053 460 Ἀλαμοῦνδαρος
1080 388 1420 454 ξυνετώτατός
1440 412 1494 446 τε
1521 392 1604 444 καὶ
1629 395 1720 459 τῆς
1741 390 1872 444 κατὰ
1898 387 2048 444 πόλε-

230 502 329 548 μον
362 479 618 549 ἐμπειρίας
650 472 704 529 εὖ
733 475 898 544 ἥκων,
943 475 1172 547 Πέρσαις
1208 497 1263 530 τε
1299 476 1476 539 πιστὸς
1507 474 1559 537 ἐς
1580 475 1646 528 τὰ
1668 473 1917 542 μάλιστα,
1965 477 2050 528 καὶ

232 562 572 636 διαφερόντως
608 558 944 631 δραστήριος,
989 559 1045 623 ὃς
1077 561 1142 630 δὴ
1177 562 1229 624 ἐς
1260 558 1571 630 πεντήκοντα
1596 562 1838 614 ἐνιαυτῶν
1863 557 2050 630 χρόνον

232 650 284 711 ἐς
308 646 428 718 γόνυ
457 649 623 699 ἐλθεῖν
647 646 714 699 τὰ
731 643 994 716 Ῥωμαίων
1016 647 1216 715 ἐποίησε
1237 644 1526 718 πράγματα.
1615 646 1670 698 ἐκ
1693 648 1790 716 γὰρ
1818 651 1920 698 τῶν
1943 647 2048 698 Ae·
2062 657 2088 701 5

80 748 116 791 P
146 750 200 793 51
232 732 423 803 γύπτου
463 729 615 802 ὁρίων
639 728 922 802 ἀρξάμενος
955 734 1036 785 καὶ
1065 731 1211 802 μέχρι
1245 732 1296 794 ἐς
1318 731 1726 798 Μεσοποταμίαν
1764 725 2053 798 ληιζόμενος

229 817 296 871 τὰ
323 817 490 887 ἐκείνῃ·
498 817 682 886 χωρία,
719 810 814 886 ἦγέ
833 838 886 871 τε
922 819 1006 870 καὶ
1032 817 1205 888 ἔφερεν
1232 818 1412 887 ἐφεξῆς
1435 814 1658 881 ἅπαντα,
1704 816 1860 868 καίων
1882 836 1936 867 τε
1960 813 2053 875 τὰς

230 904 283 955 ἐν
319 903 467 955 ποσὶν
504 903 798 973 οἰκοδομίας
826 903 918 956 καῖ
947 902 1069 964 τοὺς
1109 899 1421 972 ἀνθρώπους
1455 899 1588 954 κατὰ
1623 899 1816 961 πολλὰς
1847 899 1922 952 ἀεὶ
1950 920 2053 967 μυ-

230 984 412 1057 ριάδας
433 986 815 1058 ἀνδραποδίζων
826 1029 843 1054 ,
889 989 974 1040 καὶ
1003 987 1172 1040 αἰτῶν
1207 986 1328 1048 τοὺς
1346 986 1440 1054 μὲν
1460 985 1725 1045 πλείστους
1747 983 2054 1037 ἀποκτείνων

232 1070 304 1126 ἑνὶ
341 1069 492 1145 λόγῳ,
555 1072 677 1134 τοὺς
727 1073 782 1125 δὲ
836 1071 1023 1135 ἄλλους
1065 1069 1434 1139 ἀποδιδόμενος
1475 1066 1757 1142 χρημάτων
1803 1067 2052 1139 μεγάλων.
2069 1084 2130 1128 1ο

230 1150 433 1225 ἀπήντα
471 1156 532 1209 δέ
562 1157 611 1210 οἳ
649 1162 753 1211 τῶν
791 1155 996 1211 πάντων
1036 1156 1216 1219 οὐδείς.
1303 1155 1366 1210 οὗ
1397 1151 1496 1227 γάρ
1527 1156 1648 1209 ποτε
1686 1154 2057 1215 ἀνεπισκέπτως

231 1243 444 1295 ἐποιεῖτο
481 1240 574 1310 τὴν
600 1239 814 1311 ἔφοδον,
856 1242 975 1295 ἀλλ’
1015 1241 1180 1305 οὕτως
1213 1240 1512 1305 ἐξαπιναίως
1542 1261 1598 1293 τε
1630 1242 1714 1293 καὶ
1739 1239 1880 1312 αὐτῷ
1918 1240 1968 1301 ἐς
1989 1238 2056 1291 τὰ

230 1323 457 1394 μάλιστα
490 1327 783 1395 ἐπιτηδείως
821 1325 951 1382 ὥστε
988 1325 1015 1380 ὃ
1048 1329 1141 1395 μὲν
1173 1326 1274 1396 ἤδη
1317 1324 1389 1389 ὥς
1427 1325 1494 1380 τὰ
1527 1324 1691 1379 πολλὰ
1729 1323 1819 1388 ξὺν
1853 1329 1917 1396 τῇ
1947 1325 2057 1398 λείᾳ

231 1411 396 1466 ἀπιών
424 1409 600 1484 ᾤχετο,
648 1413 698 1464 οἱ
725 1412 780 1465 δὲ
804 1414 1084 1483 στρατηγοί
1099 1433 1153 1465 τε
1175 1414 1257 1465 καὶ
1280 1416 1589 1481 στρατιῶται
1613 1405 1983 1463 πυνθάνεσθαί
2001 1429 2057 1461 τε

53 1499 85 1542 V
115 1501 201 1546 257
232 1496 296 1548 τὰ
333 1492 656 1564 ξυμπεσόντα
692 1498 776 1548 καὶ
814 1496 1109 1567 ἀγείρεσθαι
1132 1495 1218 1549 ἐπ’
1260 1495 1416 1550 αὐτὸν
1450 1494 1687 1566 ἤρχοντο.
1772 1492 1835 1562 ἢν
1871 1494 1931 1548 δέ
1955 1515 2054 1547 που
2071 1507 2126 1551 15

164 1587 201 1628 Β
233 1580 389 1633 αὐτὸν
411 1582 495 1632 καὶ
525 1586 831 1646 καταλαβεῖν
853 1578 982 1652 τύχῃ
1011 1583 1106 1634 τινὶ
1133 1580 1309 1649 ἴσχον,
1357 1579 1475 1634 ἀλλ’
1514 1580 1586 1633 ἔτι
1611 1576 1984 1649 ἀπαρασκεύοις
2004 1600 2059 1632 τε

232 1659 344 1718 οὖσι
367 1666 452 1717 καὶ
487 1665 545 1718 οὗ
571 1666 978 1736 ξυντεταγμένως
1009 1666 1258 1720 ἐπιπεσών
1295 1674 1402 1726 τοῖς
1427 1661 1696 1719 διώκουσιν
1735 1662 1762 1717 ὃ
1789 1661 2059 1735 βάρβαρος

229 1743 379 1812 οὗτος
402 1749 581 1819 ἴτρεπέ
599 1771 652 1803 τε
682 1754 766 1803 καὶ
790 1751 1075 1822 διέφθειρεν
1112 1751 1279 1805 οὐδενὶ
1310 1747 1479 1823 πόνῳ,
1527 1751 1617 1803 καί
1635 1770 1756 1802 ποτε
1788 1750 1910 1811 τοὺς
1936 1746 2060 1803 διώ-

229 1855 412 1897 κοντας
440 1832 758 1904 στρατιώτας
786 1836 876 1898 ξὺν
905 1845 1011 1898 τοῖς
1038 1835 1281 1904 ἄρχουσιν
1305 1831 1579 1903 ἐζώγρησεν
1604 1832 1848 1897 ἅπαντας.
1940 1837 2059 1903 Δη-

226 1916 519 1991 μόστρατος
541 1920 597 1972 δὲ
631 1914 693 1988 ἦν
719 1917 745 1972 ὃ
776 1918 1042 1990 Ῥουφίνου
1071 1918 1291 1990 ἀδελφὸς
1319 1922 1403 1972 καὶ
1424 1916 1658 1988 Ἰωάννης
1685 1916 1711 1973 ὁ
1745 1925 1837 1973 τοῦ
1863 1923 2057 1973 Λουκᾶ
2070 1933 2128 1977 20
2158 1959 2165 1972 .

229 2012 381 2070 παῖς,
429 2001 517 2066 οὓς
548 2003 610 2072 δὴ
641 2003 860 2058 ἀπέδοτο
888 2003 1130 2074 ὕστερον,
1180 2009 1403 2057 πλοῦτον
1429 2003 1600 2058 αὐτῶν
1635 2003 1695 2057 οὗ
1718 2009 1917 2076 φαῦλον
1941 2005 2060 2058 οὐδὲ

228 2088 318 2143 τὸν
361 2086 582 2157 τυχόντα
622 2086 1063 2161 περιβαλλόμενος.
1150 2091 1233 2142 καὶ
1264 2089 1323 2142 τὸ
1360 2086 1563 2158 ξύμπαν
1587 2091 1738 2143 εἰπεῖν
1755 2087 2060 2158 χαλεπώτα-

342 2265 385 2310 4.
418 2261 729 2322 πεντήκοντα]
758 2263 798 2309 ν’
830 2266 880 2309 Ρ.
1026 2267 1094 2311 12.
1128 2264 1332 2321 ἔφοδον]
1358 2263 1566 2322 εὕφοδον
1595 2267 1646 2309 1..
1785 2267 1854 2313 15.
1886 2263 2059 2324 ἀγείρε-

341 2323 485 2379 σθαι]
513 2323 771 2381 ἐγείρεσθαι
798 2323 851 2368 Ρ.
964 2324 1067 2367 ibid.
1098 2322 1151 2370 δέ
1177 2340 1270 2369 που
1299 2323 1351 2367 1..
1412 2321 1472 2382 δή
1498 2339 1593 2370 που
1619 2325 1673 2367 Ρ.

340 2477 422 2521 His
462 2477 620 2522 auditis
659 2493 738 2522 nec
775 2479 991 2534 refragari
1030 2478 1231 2522 cabades
1269 2493 1349 2523 nec
1385 2478 1584 2524 diffidere
1611 2478 1767 2537 potuit.
1825 2478 1940 2528 Nam
1966 2493 2059 2524 cum

230 2534 486 2592 prudentia,
526 2541 616 2578 tum
647 2536 710 2578 rei
739 2537 922 2578 bellicae
954 2536 1109 2592 peritia
1138 2536 1392 2592 singularis,
1436 2541 1482 2580 et
1509 2535 1850 2580 constantissima
1878 2538 1923 2579 in
1953 2537 2061 2580 Per-

227 2604 300 2633 sas
329 2592 468 2643 fides,
510 2597 554 2633 et
583 2593 812 2635 strenuitas
853 2592 1006 2635 eximia
1036 2593 1360 2636 Alamundarum
1389 2593 1753 2638 commendabant.
1811 2594 1898 2636 Per
1927 2607 2061 2636 annos

228 2647 266 2689 is
295 2662 338 2691 1..
366 2662 455 2690 rem
486 2662 652 2705 pessum
684 2650 915 2691 Romanam
945 2649 1088 2704 dedit,
1130 2656 1176 2693 et
1202 2651 1248 2694 in
1273 2664 1442 2707 genua,
1483 2657 1533 2693 ut
1561 2650 1708 2704 aiunt,
1748 2650 1892 2705 coegit
1920 2651 2062 2693 succi-

229 2704 344 2747 dere.
403 2705 573 2747 Etenim
615 2707 669 2747 ab
709 2706 895 2761 Aegypti
932 2707 1087 2750 tinibus
1141 2707 1412 2753 excursiones
1458 2707 1711 2764 inceptans,
1758 2712 1897 2750 totum
1944 2707 2060 2751 illum

230 2761 494 2804 continenter
539 2767 722 2804 tractum
771 2776 906 2818 usque
945 2763 989 2804 in
1031 2763 1383 2820 Mesopotamiam
1422 2765 1676 2830 pervolabat
1716 2764 2060 2820 praedabundus,

230 2819 389 2872 agebat
414 2819 666 2873 ferebatque
694 2818 855 2870 omnia,
887 2819 1085 2863 aedificia
1115 2835 1314 2877 quaeque
1346 2821 1473 2864 obvia
1500 2820 1675 2864 delebat
1701 2821 1818 2876 igni,
1845 2821 2062 2876 myriadas

229 2874 384 2916 inultas
423 2875 668 2931 abripiebat
708 2874 946 2927 hominum,
985 2890 1162 2932 quorum
1201 2877 1418 2921 maximam
1457 2882 1617 2934 partem
1661 2878 1844 2920 necabat
1871 2892 1924 2920 ex
1953 2885 2065 2921 tem-

229 2945 357 2986 pore,
389 2932 592 2988 *reliquos
632 2946 785 2987 magua
823 2932 1003 2988 pecunia
1041 2936 1341 2977 commutabat.
1398 2934 1496 2978 Nec
1536 2935 1781 2978 offendebat
1821 2935 2061 2978 venientem

229 3001 282 3029 ex
311 2987 490 3030 adverso
520 3002 787 3045 quemquam.
848 2989 1004 3043 Neque
1034 2991 1142 3032 enim
1172 2991 1420 3048 erumpebat
1451 3004 1631 3048 unquam
1659 2991 1953 3047 inexplorat03
1983 2991 2063 3034 sed

230 3051 315 3090 tam
343 3050 524 3100 repente
552 3050 724 3101 tamque
753 3045 797 3088 in
826 3045 972 3101 primis
1001 3048 1198 3102 apposite
1227 3048 1282 3090 ad
1307 3048 1552 3101 consilium,
1595 3054 1644 3090 ut
1683 3047 1927 3104 plerumque
1965 3063 2062 3091 cum

229 3100 391 3157 praeda
431 3102 514 3143 iam
554 3115 603 3144 se
640 3102 899 3158 recepisset,
942 3105 1109 3156 quando
1151 3105 1293 3147 Duces
1334 3110 1380 3147 et
1419 3104 1573 3148 milites
1612 3104 1747 3160 primo
1787 3103 1853 3147 rei
1882 3112 2061 3162 accepto

229 3157 405 3209 nuntio,
446 3162 596 3200 contra
635 3159 816 3201 tendere
857 3157 1153 3206 instituebant.
1211 3162 1287 3204 Sic
1328 3162 1404 3204 ubi
1432 3160 1548 3203 illum
1575 3160 1689 3203 forte
1718 3170 2062 3217 assequerentur,

228 3215 274 3256 in
303 3221 605 3270 persequentes
649 3229 697 3257 se
737 3216 990 3258 obvertebat
1019 3217 1238 3260 Barbarus
1271 3223 1318 3260 et
1346 3219 1579 3274 imparatos
1610 3216 1748 3260 adhuc
1777 3218 2062 3262 inordinatos—

231 3285 314 3327 que
344 3272 520 3314 adortus
550 3272 758 3314 fundebat
785 3272 913 3315 facile
942 3285 993 3314 ac
1022 3273 1296 3329 profligabat.
1353 3275 1532 3316 Factum
1563 3278 1630 3316 est
1661 3274 1890 3331 aliquando
1914 3282 1962 3318 ut
1984 3275 2060 3331 qui

230 3328 372 3384 ipsum
416 3327 762 3379 insectabantur,
801 3328 893 3371 vivi
922 3342 1066 3371 omnes
1096 3329 1142 3371 in
1171 3335 1422 3385 potestatem
1452 3329 1542 3372 eius
1572 3331 1792 3382 venerint,
1838 3347 1921 3374 non
1950 3331 2061 3374 mili-

232 3392 298 3426 tes
339 3383 488 3437 modo,
537 3385 612 3428 sed
655 3385 796 3427 Duces
835 3385 986 3437 etiam,
1041 3386 1337 3430 Demostratus
1379 3387 1526 3429 Rufini
1571 3388 1732 3440 frater,
1790 3395 1838 3431 et
1879 3389 2060 3431 Ioannes

234 3442 378 3486 Lucae
406 3442 544 3496 filius,
576 3441 651 3499 qui
680 3442 893 3487 luculento
924 3448 1078 3500 postea
1106 3443 1244 3501 pretio
1275 3459 1321 3489 se
1350 3444 1631 3489 redemerunt.
1689 3445 1737 3488 In
1758 3459 1942 3498 summa,
1970 3460 2062 3489 mo-
