2254 3814
338 148 458 204 506
732 180 738 187 ι
1072 112 1413 202 ῬΒοοοΡΠ

266 299 305 341 D
511 285 608 356 κβ’.
697 284 1102 355 Τελευτήσαντος
1126 289 1181 342 δὲ
1203 287 1524 354 Σολόμωνος,
1552 285 1759 358 Σέργιος
1782 287 1957 354 αὐτοῦ,
1987 285 2154 359 ὥσπερ

334 373 543 444 εἷ’ρηται,
589 373 893 440 ἀδελφιδοῦς
918 372 1004 438 ὢν,
1054 371 1231 435 δόντος
1252 373 1517 441 βασιλέως,
1555 373 1808 441 παρέλαβε
1831 373 1922 443 τὴν
1943 372 2153 442 Λιβύης

334 458 509 528 ἀρχή-ν.
599 456 655 518 ὃς
687 457 750 525 δὴ
778 463 986 528 φθορᾶς
1009 464 1199 527 πολλῆς
1228 456 1530 520 αἰτιώτατος
1552 464 1624 531 τῷ
1650 456 1872 526 Λιβύων
1899 460 2023 528 γε’νει
2048 459 2152 529 ἐγέ-

331 566 468 608 νετο,
533 541 746 604 ἅπαντές
784 564 837 595 τε
874 543 1032 595 αὐτοῦ
1065 550 1129 614 τῇ
1170 544 1302 614 ἀρχῇ
1335 543 1592 612 ἤχθοντο,
1635 542 1874 614 ἄρχοντες
1905 546 2027 611 με’ν,
2075 543 2153 599 ὅτι

149 644 186 685 Ρ
215 626 569 702 2901ἀξύνετος
599 626 668 680 ὢν
693 631 873 696 κομιδῆ
902 631 985 680 καὶ
1017 629 1128 690 νέος
1157 627 1245 682 τόν
1268 651 1320 682 τε
1348 626 1540 699 τρόπον
1566 630 1649 681 καὶ
1685 629 1778 696 τὴν
1799 627 1995 698 ἡλικίαν
2024 629 2193 688 ἀλα-5

332 710 662 779 ζονικώτατος
693 713 887 782 γέγονεν
928 711 1219 784 ἀνθρώπων
1256 711 1493 767 ἁπάντων
1505 755 1523 779 ,
1566 712 1741 782 θβριζέ
1758 735 1811 767 τε
1834 713 1967 788 λόγῳ
1991 714 2156 768 οὐδενὶ

333 801 384 861 ἐς
417 798 605 860 αὐτοὺς
642 801 723 850 καὶ
758 795 1049 868 ὑπερεώρα,
1094 797 1298 872 πλούτῳ
1330 821 1383 853 τε
1410 801 1492 853 καὶ
1518 797 1725 866 δυνάμει
1751 801 1833 852 καὶ
1857 805 1920 871 τῇ
1943 806 2032 868 τῆς
2060 799 2155 869 ἀρ-

328 890 423 953 χῆς
450 885 652 958 ἐξουσία
681 885 729 944 ἐς
753 890 904 937 τοῦτο
933 884 1007 937 ἀεὶ
1035 881 1402 956 ἐπιχρώμενος·
1448 886 1497 938 οἱ
1522 885 1578 938 δὲ
1603 890 1938 955 στρατιῶται,
1986 885 2062 938 ὅτι
2090 886 2153 953 δὴ

333 967 583 1040 ἄνανδρός
606 991 659 1022 τε
687 971 768 1021 καὶ
791 969 1064 1037 μαλθακὸς
1087 968 1411 1024 παντάπασιν
1432 964 1524 1039 ἦν·
1572 971 1621 1024 οἷ
1643 971 1699 1023 δὲ
1723 972 1950 1036 Λίβυες,
1991 967 2076 1023 διοί
2101 991 2154 1023 τε

331 1061 497 1108 ταῦτα
536 1056 618 1107 καὶ
655 1052 733 1107 ὅτι
770 1061 1019 1125 γυναικῶν
1056 1077 1108 1108 τε
1145 1058 1229 1108 καὶ
1251 1054 1532 1126 χρημάτων
1554 1055 1832 1125 ἀλλοτρίων
1863 1053 2054 1118 ἄτοπός
2078 1077 2154 1118 τις
2169 1073 2234 1116 10⁴

333 1140 548 1210 ἐραστὴς
587 1137 805 1209 ἐγεγόνει.
891 1137 1116 1207 μάλιστα
1139 1142 1195 1193 δὲ
1214 1139 1419 1194 πάντων
1444 1138 1470 1194 ὅ
1496 1138 1810 1195 Σισιννιόλου
1835 1138 2069 1210 Ἰωάννης
2088 1147 2152 1213 τῇ

334 1227 544 1296 Σεργιόυ
583 1222 794 1291 δυνάμει
826 1230 1062 1292 χαλεπῶς
1095 1223 1208 1292 εἶχε.
1298 1225 1495 1295 ἀγαθὸς
1527 1224 1625 1295 γὰρ
1648 1225 1718 1278 ὢν
1741 1226 1807 1278 τὰ
1834 1226 2047 1293 πολέμια
2070 1229 2155 1279 καὶ

156 1333 199 1374 Η
231 1330 312 1375 154
341 1301 692 1381 διαφερόντως
719 1307 1010 1377 εὐδόκιμος,
1055 1309 1333 1380 ἀχαρίστου
1361 1315 1453 1364 τοῦ
1481 1308 1762 1380 ἀνθρώπου
1799 1311 2017 1379 ἀτεχνῶς
2041 1311 2155 1365 ἴτυ-

265 1418 303 1460 Β
330 1417 433 1464 χεν.
523 1394 601 1447 διὸ
628 1393 691 1462 δὴ
720 1393 835 1447 οὕτε
864 1394 1018 1456 αὐτὸς
1045 1394 1159 1447 οὔτε
1189 1395 1343 1459 ἄλλος
1364 1401 1465 1450 τῶν
1489 1393 1693 1449 πάντων
1716 1396 1878 1458 οὐδεὶς
1904 1395 2035 1450 ὅπλα
2061 1397 2152 1451 ἀν-

329 1482 517 1550 ταίρειν
545 1481 596 1532 ἐν
621 1487 726 1541 τοῖς
750 1480 986 1547 πολέμοις
1011 1478 1308 1548 ἠβούλοντο.
1398 1484 1474 1554 τῷ
1513 1483 1568 1534 δὲ
1598 1480 1818 1556 Ἀντάλᾳ
1840 1483 1893 1535 οἵ
1915 1503 1966 1535 τε
1989 1486 2151 1535 Μαυ-
2168 1497 2220 1541 15

331 1564 525 1634 ρούσιοι
568 1561 747 1633 σχεδόν
780 1587 830 1618 τι
866 1564 1086 1627 ἅπαντες
1118 1567 1316 1619 εἵποντο
1345 1569 1427 1619 καὶ
1450 1564 1675 1632 Στότζας
1711 1568 1765 1619 ἐκ
1790 1570 2153 1637 Μαυριτανιάς

152 1670 193 1711 v
222 1669 307 1712 423
335 1649 692 1719 μετάπεμπτος
731 1645 909 1720 ἦλθεν.
998 1652 1107 1703 ἐπεί
1139 1673 1190 1704 τε
1232 1651 1396 1714 οὐδεὶς
1429 1653 1602 1723 σφίσιν
1639 1649 1831 1723 ἐπεξῄει
1863 1658 1966 1705 τῶν
2000 1658 2152 1706 πολε-

326 1740 487 1805 μίων,
529 1730 652 1804 ἦγόν
689 1756 742 1789 τε
779 1739 862 1789 καὶ
900 1735 1079 1806 ἔφερον
1108 1734 1387 1805 ληιζιῖμενοι
1414 1736 1576 1800 ἀδεῶς
1597 1735 1816 1793 ἅπαντα.
1903 1735 2014 1791 τότε
2036 1738 2152 1791 Ἀν-
2224 1775 2227 1778 »

328 1820 489 1884 τάλας
505 1822 842 1895 Ἰουστινιανῷ
865 1827 1070 1889 βασιλεῖ
1087 1819 1364 1892 γράμματα
1391 1821 1627 1893 ἔγραψεν.
1687 1819 1868 1892 ἐδήλου
1892 1825 1947 1875 δὲ
1967 1821 1998 1891 ἢ
2023 1845 2151 1892 γρα-

325 1908 398 1978 φὴ
427 1905 546 1960 τάδε
590 1947 628 1973 ,,
645 1908 851 1969 Δοῦλος
871 1908 962 1975 μὲν
988 1905 1112 1960 εἶναι
1137 1914 1230 1976 τῆς
1256 1914 1351 1976 σῆς
1371 1911 1632 1974 βασιλείας
1655 1907 1746 1961 οὐκ
1772 1907 1834 1960 ἂν
1858 1907 1976 1960 οὐδὲ
1997 1908 2149 1970 αὐτὸς
2163 1929 2220 1970 20

327 1994 632 2065 ἀρνηθείην,
678 1989 1010 2064 Μαυρούσιοι
1048 1993 1102 2045 δὲ
1136 1992 1265 2065 πρὸς
1289 1990 1595 2062 Σολόμωνος
1617 1994 1668 2046 ἐν
1695 1995 1936 2055 σπονδαῖς
1962 2015 2149 2047 πεπον-

440 2155 483 2199 4.
511 2172 559 2201 τε
588 2155 735 2198 addidi
763 2170 816 2198 ex
846 2157 943 2207 AL,
975 2160 1021 2198 et
1049 2154 1233 2199 addebat
1261 2155 1304 2198 in
1333 2159 1478 2199 annot.
1507 2154 1803 2201 Hoeschelius.
1975 2159 2044 2200 10.
2071 2157 2149 2201 καὶ

438 2211 540 2268 ὅτι]
573 2210 646 2258 ὅτι
675 2228 756 2256 om.
786 2213 886 2255 HL:
916 2213 1046 2255 habet
1074 2213 1171 2257 Hm.
1346 2216 1412 2258 11.
1458 2211 1777 2268 Σισιννιόλου]
1810 2211 2059 2259 σισινιόλου
2090 2216 2146 2257 Η.

443 2273 593 2315 sesinii
620 2270 699 2314 RV
727 2276 776 2313 ut
803 2285 846 2327 p.
873 2272 959 2315 282
989 2271 1031 2312 b.
1148 2272 1217 2315 15.
1245 2270 1488 2327 πολέμοις]
1518 2272 1754 2327 πολεμίοις
1786 2271 1881 2314 HL.

439 2427 510 2471 22.
567 2425 780 2468 Defuncto
812 2425 1062 2478 Salomone,
1100 2424 1320 2481 Sergium,
1355 2425 1457 2481 qui,
1500 2425 1566 2469 uti
1597 2425 1804 2478 diximus,
1849 2425 1941 2469 eius
1970 2429 2065 2469 erat
2095 2441 2148 2468 ex

326 2485 464 2528 fratre
501 2497 658 2539 nepos,
707 2482 880 2526 Africae
910 2483 1158 2540 praeposuit
1198 2484 1452 2539 Imperator.
1519 2483 1753 2527 Multarum
1780 2483 1818 2526 is
1848 2483 2146 2536 calamitatum,

327 2542 479 2598 quibus
509 2540 602 2583 Afri
631 2546 728 2583 sunt
757 2539 1014 2592 conflictati,
1043 2540 1298 2597 praecipuus
1328 2547 1480 2584 auctor
1508 2541 1666 2584 extitit.
1724 2540 1862 2598 Ipsius
1892 2540 2147 2583 dominatum

326 2598 519 2654 graviter
548 2612 690 2640 omnes
718 2599 936 2640 ferebant:
983 2598 1112 2640 duces
1143 2597 1325 2654 quidem,
1371 2597 1502 2653 quod,
1531 2597 1722 2655 quamvis
1751 2597 1908 2654 oppido
1938 2598 2070 2652 rudis,
2103 2603 2148 2640 et

323 2669 418 2698 cum
447 2659 605 2709 aetate,
635 2661 720 2697 tum
751 2653 936 2698 moribus
965 2654 1131 2697 iuvenis
1162 2661 1287 2708 esset,
1316 2655 1432 2710 ipsos
1457 2662 1596 2698 tamen
1627 2669 1707 2710 per
1730 2654 2032 2710 arrogantiam,
2062 2669 2147 2710 qua

322 2712 523 2754 mortales
554 2725 694 2754 omnes
723 2713 947 2763 vincebat,
990 2711 1253 2754 contumeliis
1283 2713 1475 2755 afficeret
1502 2712 1796 2763 licentissime,
1825 2719 1871 2754 et
1899 2711 2146 2767 despicare-

321 2774 420 2821 tur,
466 2769 521 2811 ad
549 2770 630 2811 hoc
659 2769 852 2822 divitiis,
893 2770 1113 2826 potentia,
1145 2783 1196 2811 ac
1226 2769 1293 2811 sui
1323 2769 1507 2812 muneris
1535 2770 1795 2813 auctoritate
1823 2783 2035 2825 nunquam
2063 2782 2146 2810 non

321 2827 531 2869 abutens:
563 2825 714 2868 milites
742 2841 858 2878 vero,
900 2827 1013 2883 quod
1042 2827 1327 2870 effeminatum
1361 2834 1407 2870 et
1437 2826 1718 2870 mollissimum
1747 2827 1910 2868 omnino
1943 2829 2144 2868 nossent:

319 2882 416 2925 Afri
440 2883 639 2938 denique,
671 2897 762 2924 cum
789 2885 959 2926 easdem
983 2885 1038 2926 ob
1063 2898 1227 2936 causaS,
1258 2891 1344 2926 tum
1373 2883 1486 2940 quod
1510 2885 1678 2939 perdite
1707 2883 1968 2928 mulierosus,
1996 2895 2143 2936 opum-

320 2954 405 2996 que
433 2940 665 2982 alienarum
695 2939 961 2983 avidissimus
991 2946 1120 2983 esset.
1181 2942 1378 2983 Omnium
1408 2942 1585 2983 maxime
1618 2941 1811 2996 potentia
1838 2938 1981 2994 Sergii
2009 2939 2147 2980 offen-

319 2998 504 3040 debatur
532 2998 738 3049 Ioannes,
783 2998 1001 3040 Sisinnioli
1029 2998 1166 3050 filius,
1195 2999 1415 3054 quoniam,
1445 2998 1547 3040 licet
1575 2998 1735 3040 virtute
1760 2997 1914 3039 bellica
1942 3010 1993 3037 ac
2020 2994 2145 3036 nobi-

318 3054 444 3097 litate
469 3053 722 3105 excelleret,
767 3054 1038 3097 nihilominus
1078 3055 1406 3110 ingratissimum
1436 3055 1642 3098 hominem
1671 3053 1984 3109 experiebatur.
2045 3052 2144 3101 Quo

319 3111 470 3162 fiebat,
498 3116 546 3152 ut
574 3125 653 3153 nec
683 3110 791 3166 ipse,
835 3125 914 3152 nec
945 3111 1123 3154 omnium
1154 3113 1376 3168 quisquam
1407 3126 1511 3155 unus
1540 3111 1594 3154 ad
1624 3111 1775 3152 bellum
1805 3109 1969 3164 egredi,
1999 3113 2044 3150 et
2074 3124 2146 3150 re-

319 3179 514 3224 pugnare
556 3167 750 3210 hostibus
789 3167 934 3210 vellet.
1012 3170 1168 3210 Cuncti
1211 3171 1303 3211 fere
1345 3170 1484 3212 Mauri
1525 3183 1571 3210 se
1612 3167 1895 3210 adiunxerant
1935 3165 2142 3208 Antalae:

323 3225 475 3267 aderat
504 3224 632 3267 etiam
661 3225 815 3266 Stozas
854 3230 1054 3266 evocatus
1084 3240 1108 3267 e
1138 3226 1424 3278 Mauritania,
1468 3232 1515 3267 et
1541 3238 1634 3267 cum
1664 3224 1706 3265 in
1752 3237 1825 3266 eos
1855 3237 1974 3265 nemo
2005 3236 2144 3263 erum-

323 3289 471 3339 peret,
514 3282 700 3337 agebant
728 3282 865 3324 omnia
894 3283 1178 3337 ferebantque
1204 3282 1385 3338 impune.
1458 3282 1557 3332 Quo
1586 3286 1776 3337 tempore
1810 3280 1982 3322 Antalas
2011 3278 2144 3320 Iusti-

324 3339 450 3382 niano
492 3341 603 3394 Aug.
636 3339 808 3394 scripsit
847 3338 890 3380 in
921 3340 1028 3381 hanc
1070 3339 1332 3381 sententiam.
1403 3339 1537 3381 Haud
1575 3339 1767 3394 equidem
1804 3351 1872 3379 mc
1905 3337 2144 3378 maiestatis

326 3402 429 3439 tuae
450 3411 615 3438 servum.
638 3411 726 3438 esse
744 3397 932 3451 inficior.-
975 3410 1136 3448 verum,
1164 3404 1257 3450 post
1277 3397 1486 3438 sancitam
1507 3398 1618 3438 inter
1635 3410 1710 3437 nos
1731 3409 1897 3449 pacem,
1927 3393 2142 3448 iniquissi-

327 3468 394 3497 me
414 3455 550 3498 habiti
584 3470 613 3497 α
644 3455 866 3497 Salomone
897 3454 1069 3505 Mauri,
1115 3468 1240 3496 arma
1263 3468 1472 3511 perquam
1498 3454 1624 3497 inviti
1649 3459 1871 3509 ceperunt,
1914 3451 2061 3493 nonin
2083 3455 2142 3500 te,
