2254 3814
152 482 188 525 P
221 482 300 525 165

343 159 464 215 290
1087 154 1421 208 PROCOPII

341 323 469 371 τραν
493 293 661 369 ἦλθον
674 339 692 364 ,
735 300 809 368 τῷ
833 295 926 363 μὲν
950 290 1083 367 λόγῳ
1109 290 1480 366 προνοήσοντες
1504 291 1573 356 ὥς
1594 292 1668 362 μὴ
1686 288 1859 367 χρόνῳ
1881 315 1935 347 τε
1960 295 2042 346 καὶ
2067 290 2163 346 πό-

339 408 411 460 νῳ
454 389 625 455 πολλῷ
665 376 1146 451 διαπορθμεύεσθαι
1183 377 1557 450 ἀναγκάζωνται
1596 379 1828 447 ποταμὸν
1859 383 2056 443 Φᾶσιν,
2103 378 2165 431 οὗ

339 467 642 539 βουλόμενοι
681 467 737 518 δὲ
769 465 834 518 τὰ
874 465 1093 536 σφέτερα
1132 467 1264 519 οῗκιά
1300 465 1530 535 Πέρσαις
1552 465 1918 519 ἐνδείκνυσθαι.
2003 464 2167 516 καίτοι

341 553 561 614 δύσοδος
599 548 894 618 πανταχόθι
934 549 1143 619 Λαζική
1188 552 1322 604 ἔστιν
1358 548 1499 613 ἐντός
1533 572 1588 604 τε
1630 553 1715 603 καὶ
1753 549 1895 610 ἐκτὸς
1931 552 2166 615 ποταμοῦ

345 636 591 698 Φάσιδος.
682 634 915 689 σκόπελοι
942 637 1038 707 γὰρ
1062 634 1334 707 ὑπερφυεῖς
1368 635 1454 707 ἐφ’
1481 633 1692 705 ἑκάτερα
1715 640 1806 704 τῆς
1832 631 2008 703 χώρας
2032 632 2169 694 ὄντες
2186 642 2210 683 5

341 721 632 783 στενωποὺς
656 722 733 773 ἐπὶ
754 719 1082 790 μακρότατον
1106 723 1339 794 ἐνταῦθα
1360 726 1649 775 ποιοῦνται·
1690 717 1986 790 κλεισούρας
2023 716 2171 784 ἑλλη-

340 810 558 873 νίζοντες
593 806 688 868 τὰς
721 804 963 868 τοιαύτας
1003 804 1154 869 ὃδοῦς
1173 805 1412 875 Ῥωμαῖοι
1439 810 1695 859 καλοῦσιν.
1785 805 1900 857 ἄλλ’
1929 806 2033 856 ἐπεὶ
2059 800 2172 856 τότε

341 893 550 962 Λαζικὴ
578 889 872 963 ἀφύλακτος
899 889 1164 960 ἐτύγχανεν
1193 886 1342 958 οὖσα,
1387 891 1555 968 ῥᾷστα
1577 891 1642 961 δὴ
1670 893 1722 944 ἐν
1748 890 1929 964 Πέτρᾳ
1956 888 2044 951 ξὺν
2069 895 2175 949 τοῖς
2252 879 2254 932 ἶ

182 1491 224 1534 V
253 1489 335 1534 335
365 1489 416 1550 ἐς
440 1487 505 1541 τὰ
526 1489 765 1555 Λαζικῆς
799 1485 989 1555 ἔσχατα
1021 1481 1208 1554 ἦλθεν,
1255 1484 1324 1549 ὥς
1345 1485 1434 1540 τὸν
1455 1488 1685 1539 ἐνταῦθα
1709 1485 1967 1551 στενωπὸν
1990 1487 2179 1554 ὃιαᾳυ-
2223 1544 2233 1548 γ’

271 1577 310 1620 Β
348 1571 517 1636 λάξων
551 1569 764 1639 δυνάμει
802 1578 866 1642 τῇ
911 1570 1082 1644 πάσῃ·
1127 1569 1364 1642 ἐτύγχανε
1394 1572 1450 1625 δὲ
1477 1571 1536 1626 οὗ
1563 1576 1735 1645 πολλῷ
1763 1568 2010 1640 πρότερον
2029 1569 2182 1622 Ἀλα-

260 1684 275 1699 ⁴
342 1656 465 1720 νούς
491 1679 544 1711 τε
568 1659 651 1710 καὶ
688 1658 974 1729 Σαβείρους
1010 1658 1061 1720 ἐς
1085 1659 1375 1726 ξυμμαχίαν
1414 1654 1754 1727 ἐπαγόμενος,
1803 1658 1943 1726 οἵπερ
1980 1651 2182 1722 ὡμολό-

341 976 552 1049 ἡγεμόσι
580 979 782 1042 Λαζοΐς
809 977 1033 1047 ἐγένοντο
1066 979 1283 1049 Πέρσαι.

510 1067 627 1116 Νὗν
651 1064 706 1115 δὲ
745 1060 770 1115 ὅ
801 1067 851 1115 Γ
849 1059 1071 1132 ουβάζης
1108 1063 1299 1131 μαθών
1327 1060 1419 1131 τὴν
1442 1064 1664 1131 Περσῶν
1698 1057 1884 1131 ἔφοδον
1914 1062 1987 1130 τῷ
2011 1059 2174 1124 Δαγι-
2193 1066 2245 1107 1ο

344 1148 518 1220 σθαίῳ
545 1148 806 1200 ἐπέστελλε
835 1147 1036 1215 πέμψαι
1074 1149 1166 1215 μέν
1201 1168 1374 1212 τινας,
1419 1146 1476 1199 οἳ
1495 1143 1779 1217 φυλάξουσι
1807 1145 1894 1198 τὸν
1918 1141 2176 1197 στενωπὸν

343 1231 675 1303 ἰσχυρότατα,
725 1231 780 1295 ὃς
806 1233 948 1294 ἒκτός
974 1230 1203 1294 Φάσιδος
1225 1236 1461 1298 ποταμοῦ
1489 1232 1623 1295 ἔστι,
1663 1229 1757 1296 τὴν
1795 1230 1967 1296 μέντοι
1990 1248 2177 1296 προσε-

343 1320 517 1389 δρείαν
547 1316 617 1379 ὥς
638 1315 821 1385 ἥκιστα
846 1315 1008 1382 λύειν,
1055 1317 1150 1380 ἕως
1178 1314 1270 1386 τήν
1292 1338 1346 1369 τε
1374 1315 1584 1386 Πέτραν
1607 1317 1691 1368 καὶ
1717 1314 1928 1383 Πέρσας
1950 1313 2071 1374 τοὺς
2099 1313 2179 1364 ἕν-

342 1409 522 1456 ταῦθα
562 1404 741 1465 ἐξελεῖν
780 1399 1050 1455 δύνωνται.
1137 1397 1294 1463 αὐτὸς
1327 1402 1382 1454 δὲ
1416 1403 1567 1455 παντὶ
1604 1405 1676 1474 τῷ
1721 1397 1939 1468 Κόλχων
1972 1401 2178 1469 στρατῷ

341 1763 507 1814 γησαν
534 1744 870 1813 κεντηναρίων
897 1748 1053 1813 τριῶν
1076 1743 1171 1811 οὔχ
1204 1742 1327 1797 ὅσον
1356 1741 1591 1815 ἀδῄωτον
1619 1744 1822 1807 Λαζοῖς
1844 1737 2182 1812 ’ξυμφυλάξειν

344 1829 438 1897 τὴν
463 1834 586 1898 γῆν,
635 1827 766 1880 ἀλλὰ
790 1830 874 1881 καὶ
899 1827 1124 1899 Ἰβηρίαν
1151 1826 1287 1882 οὕτω
1319 1826 1738 1897 καταστήσεσθαι
1763 1827 1964 1897 ἀνδρῶν
1993 1825 2182 1895 ξ’ρημον
2221 1839 2228 1846 ·

348 1911 420 1975 ὥς
443 1914 574 1982 μηδὲ
596 1912 828 1982 Πέρσαις
853 1914 1056 1966 ἐνθένδε
1083 1913 1142 1966 τὸ
1169 1914 1346 1967 λοιπὸν
1371 1914 1496 1967 ἰέναι
1527 1912 1722 1966 δυνατὰ
1749 1912 1975 1966 ἔσεσθαι.
2016 1905 2180 1964 ταῦτά

347 2019 402 2051 τε
431 2000 575 2070 σφίσι
602 1997 668 2050 τὰ
687 1996 933 2068 χρήματα
952 1998 1169 2064 βασιλέα
1200 2003 1250 2052 Γ
1247 1996 1468 2067 ουβάζης
1489 1996 1733 2067 ὗπὲσχετο
1761 1995 1957 2051 δώσειν.
2027 1995 2183 2056 αὐτὸς

347 2084 440 2152 μὲν
465 2077 557 2138 οὖν
594 2081 867 2153 ἀνενεγκὼν
911 2085 980 2146 εἷς
1015 2083 1232 2152 βασιλέα
1258 2084 1616 2139 Ἰουστινιανὸν
1654 2083 1721 2137 τὰ
1749 2084 2039 2153 ξυγκείμενα
2074 2089 2183 2143 τοῖς
2233 2159 2237 2166 ¹

462 2234 505 2277 1.
532 2229 869 2289 προνοήσαντες
895 2232 1031 2276 AHL.
1064 2230 1402 2291 προνοήσαντες
1425 2233 1475 2277 Ρ.
1589 2235 1632 2280 3.
1662 2233 1832 2288 καίτοι]
1864 2234 2004 2290 Vulgo
2027 2232 2107 2277 καί
2126 2248 2184 2280 τι.

462 2291 532 2334 16.
565 2286 622 2333 οὗ
651 2291 804 2349 πολλῷ
829 2289 1085 2348 πρότερον]
1116 2288 1176 2336 οὐ
1206 2306 1287 2336 om.
1319 2291 1414 2335 HL.
1439 2293 1575 2349 paulo
1605 2298 1707 2337 ante
1735 2292 1832 2335 RV.
1945 2295 2015 2336 20.
2045 2284 2184 2348 μηδὲ]

459 2344 524 2403 μή
555 2346 606 2389 L·

350 2489 436 2532 quo
465 2475 584 2518 facto
614 2473 838 2530 fingebant
878 2488 926 2517 se
965 2475 1228 2532 providere,
1270 2491 1324 2520 ne
1363 2476 1534 2520 multum
1563 2474 1766 2533 temporis
1795 2480 1924 2533 atque
1954 2489 2112 2533 operae
2139 2475 2183 2519 in

349 2531 534 2574 traiectu
562 2532 762 2574 Phasidis
793 2546 950 2588 ponere
978 2539 1262 2589 cogerentnre
1291 2548 1438 2577 verum
1466 2539 1606 2578 autem
1637 2532 1852 2576 consilium
1883 2541 2003 2586 erat,
2032 2548 2085 2576 ne
2114 2548 2186 2576 se-

352 2590 429 2632 des
458 2602 613 2643 resque
656 2602 755 2630 suas
788 2589 930 2632 Persis
972 2597 1274 2634 monstrarent.
1333 2592 1588 2648 Quanquam
1627 2592 1809 2648 ubique,
1851 2605 1935 2647 qua
1980 2590 2068 2644 cis,
2100 2605 2186 2647 qua

350 2649 472 2688 trans
499 2645 675 2687 fluvium
705 2646 890 2699 Phasin,
923 2648 1176 2704 confragosa
1205 2654 1274 2691 est
1302 2649 1474 2692 Lazica.
1535 2648 1752 2705 Utrinque
1779 2648 1888 2691 enim
1918 2649 1979 2691 ita
2009 2650 2211 2691 horrent·

352 2701 552 2745 immanes
582 2701 778 2757 scopuli,
821 2710 867 2745 ut
896 2704 958 2747 ibi
990 2706 1211 2761 angustias
1250 2706 1388 2762 longis
1418 2705 1682 2749 anfractibus
1711 2705 1937 2762 impeditas
1967 2706 2186 2750 efficiants

354 2758 591 2802 cuiusmodi
622 2759 715 2800 vias
759 2759 964 2814 Romani,
1009 2762 1082 2817 qui
1125 2764 1336 2806 Graecam
1376 2764 1587 2807 affectant
1624 2763 1682 2805 lin
1718 2778 1839 2815 uam,
1880 2763 2071 2806 Clisuras
2107 2778 2186 2807 vo-

355 2820 468 2858 cant.
526 2817 582 2857 At
610 2815 805 2870 quoniam
844 2816 1103 2863 incustodita
1131 2827 1220 2863 tum
1248 2826 1342 2864 erat
1379 2821 1562 2873 hazica,
1602 2820 1727 2864 facie
1755 2820 1942 2874 Persae,
1974 2822 2185 2864 Lazarum

353 2873 513 2924 ductu,
543 2872 714 2914 Petram
740 2873 990 2928 attigerunt.

469 2929 557 2971 Iam
585 2943 689 2972 vero
720 2930 948 2984 Gubazes,
986 2931 1062 2975 ubi
1092 2933 1147 2976 de
1184 2934 1408 2977 Persarum
1438 2935 1624 2980 adventu
1651 2933 1878 2990 cognovit,
1918 2933 2183 2990 Dagisthaeo

358 2985 663 3043 praescripsit,
694 2992 742 3028 ut
771 3003 795 3030 e
824 2987 910 3030 suis
938 2990 1152 3046 mitteret,
1187 2993 1260 3047 qui
1287 2992 1463 3044 fauces,
1495 3007 1605 3061 quae
1633 2997 1752 3034 trans
1780 2991 1938 3033 Phasin
1967 2997 2078 3044 sunt,
2107 3006 2187 3035 va-

359 3043 563 3085 lidissime
590 3047 837 3095 tuerentur,
880 3059 959 3088 nec
994 3053 1135 3089 tamen
1165 3049 1393 3092 absisteret
1427 3049 1672 3101 obsidione,
1702 3049 1836 3092 donec
1869 3051 2037 3092 Petram
2071 3049 2186 3092 eius-

360 3115 445 3156 que
472 3099 730 3156 praesidium
760 3101 977 3144 Persicum
1005 3111 1307 3160 expugnasset.
1364 3106 1464 3162 Ipse
1491 3120 1583 3148 cum
1611 3106 1798 3148 omnibus
1830 3107 2078 3150 Colchorum
2110 3121 2185 3149 co·
2203 3149 2214 3155 ,,

362 3157 447 3214 piis
477 3163 705 3199 extremam
734 3157 919 3201 Lazicae
949 3173 1064 3202 oram
1093 3163 1247 3218 petiit,
1277 3169 1327 3206 ut
1353 3162 1399 3205 in
1428 3162 1658 3206 custodiam
1689 3164 1978 3219 angustiarum
2009 3179 2086 3220 pro
2116 3163 2219 3218 vi-s„

362 3214 432 3258 rili
460 3220 584 3270 parte
612 3213 889 3256 incumberet.
947 3216 1064 3259 Idem
1092 3220 1220 3274 paulo
1252 3225 1349 3263 aute
1376 3220 1533 3263 Alanos
1561 3225 1605 3263 et
1633 3221 1813 3264 Sabiros
1845 3221 1887 3264 in
1917 3222 2018 3264 belli
2044 3221 2184 3264 socie-
2207 3238 2221 3269 1.

362 3276 495 3315 tatem
534 3271 774 3316 induxerat.
832 3271 892 3313 Hi
928 3281 1058 3329 pacta
1093 3278 1286 3319 mercede
1325 3282 1393 3319 ter
1433 3282 1599 3320 centum
1629 3278 1768 3335 pondo
1807 3281 1900 3322 auri
1941 3278 2183 3335 spoponde-
2207 3304 2215 3333 ·.

364 3333 466 3372 rant
486 3360 500 3382 ,
548 3342 595 3371 se
630 3342 715 3372 non
758 3329 879 3371 modo
919 3330 1165 3375 Colchidem
1203 3335 1256 3376 ab
1286 3333 1430 3376 hostili
1458 3333 1613 3378 iniuria
1652 3341 1786 3379 tutam
1814 3343 2060 3380 servaturos
2091 3349 2221 3379 cuma.

366 3386 520 3438 Lazis,
549 3385 627 3428 sed
655 3385 835 3428 Iberiam
871 3385 996 3430 etiam
1025 3387 1089 3431 ita
1116 3389 1347 3434 nudaturos
1375 3391 1548 3444 incolis,
1575 3397 1624 3435 ut
1651 3407 1865 3450 nunquam
1893 3394 1936 3436 in
1967 3398 2182 3450 posterum
2208 3415 2214 3433 s

368 3443 469 3487 iude
496 3444 654 3487 Persae
681 3447 856 3502 possent
883 3458 1116 3503 erumpere.
1174 3448 1284 3492 Eam
1311 3462 1509 3493 summam
1537 3450 1739 3496 Gubazes
1766 3451 1872 3510 ipsis
1909 3452 1965 3495 ab
1993 3451 2182 3509 Impera-
