2254 3814
325 142 447 200 344
1090 141 1426 196 PROCOPII

321 284 593 356 ἀπέραντοι
619 281 982 351 ξυνετέθησαν,
1027 277 1157 352 μήτε
1181 284 1469 346 Βανδίλους
1490 277 1731 351 πολέμιόν
1755 304 1805 336 τι
1828 284 1880 347 ἐς
1902 284 1991 339 τὸν
2017 282 2150 340 πάν-

318 392 385 424 τα
413 374 573 424 αἰῶνα
607 368 890 436 Ῥωμαίους
926 366 1251 437 ἐργάσασθαι
1291 365 1422 437 μήτε
1445 368 1622 430 αὐτοῖς
1647 368 1776 438 πρὸς
1800 371 1996 424 ἐκείνων
2019 376 2147 439 ξυμ-

314 461 486 523 βῆναι.
573 450 768 514 ταύτας
805 474 859 506 τε
898 453 992 515 τὰς
1028 453 1255 515 σπονδὰς
1281 452 1464 522 Ζήνων
1496 475 1550 507 τε
1580 453 1734 515 αὐτὸς
1757 453 2035 508 διεσώσατο
2063 458 2148 509 καὶ

316 540 374 603 ὃς
395 538 510 608 μετ’
540 539 725 592 ἐκεῖνον
755 538 848 607 τὴν
868 540 1134 605 βασιλείαν
1156 539 1442 610 παρέλαβεν
1459 535 1808 601 Ἀναστάσιος.
1897 540 2147 607 διέμειναν

128 623 172 665 Η
209 624 287 667 101
317 627 479 678 δὲκαὶ
506 625 557 686 ἐς
576 623 851 677 Ἰουστῒνον
880 621 1255 695 αὐτοκράτορα.
1342 622 1531 678 τούτου
1559 625 1615 677 δὲ
1632 623 1908 678 ’Ῑουστίνου
1935 625 2144 695 ἀδελφι-
2161 638 2187 681 5

135 710 172 751 Ρ
206 711 287 755 196
314 713 439 771 δοῢς
464 707 534 763 ὢν
554 708 910 769 Ἰουστινιανός
935 709 1191 772 διεδέξατο
1218 708 1312 778 τὴν
1335 709 1615 777 βασιλείαν.
1705 711 1784 762 ἐπὶ
1810 708 1996 763 τούτου
2016 711 2150 764 'Iov-

313 800 571 850 στινιανοῦ
596 790 957 862 βασιλεύοντος
987 792 1014 849 ὃ
1043 792 1267 863 πόλεμος
1290 794 1508 863 κατέστη
1536 793 1652 861 ὅδε,
1691 793 1868 869 τρόπῳ
1898 789 1939 869 ᾧ
1965 797 2016 848 ἐν
2042 803 2150 858 τοῖς

312 879 528 935 ὄπισθεν
559 880 810 942 λελέξεται
828 877 1050 949 χρόνοις.
1134 878 1324 950 χρόνον
1360 881 1417 934 δὲ
1441 880 1608 950 ὀλίγον
1633 884 1684 933 Γ
1679 881 1889 951 ιζέριχος
1920 881 2150 947 ἐπιβιοὺς

310 961 543 1019 ἐτελεύτα
570 963 748 1034 πόρρω
784 987 884 1018 που
918 964 1019 1034 ἤδη
1056 963 1256 1034 ἡλικίας
1291 964 1459 1036 ἥκων,
1516 963 1776 1035 διαθήκας
1819 967 2143 1034 διαθέμενος,

309 1053 362 1104 ἐν
399 1047 482 1113 αἷς
518 1050 651 1103 ἄλλα
690 1071 743 1102 τε
774 1051 940 1103 πολλοὶ
966 1052 1241 1114 ,Βανδίλοις
1278 1051 1532 1120 ἐπέσκηψε
1554 1053 1639 1103 καὶ
1660 1051 1753 1119 τὴν
1780 1053 2044 1117 βασιλείαν
2071 1051 2144 1104 ἀεὶ
2164 1066 2218 1107 10

309 1138 580 1189 Βανδίλων
609 1137 660 1198 ἐς
685 1141 871 1189 τοῦτον
910 1135 1037 1189 ἴέναι
1063 1134 1119 1197 ὃς
1145 1135 1209 1190 ἂν
1233 1137 1288 1189 ἐκ
1323 1133 1476 1205 γόνου
1502 1134 1714 1206 ἄρρενος
1739 1136 1879 1208 αὐτῷ
1907 1141 1958 1188 Γ
1954 1138 2148 1210 ιζερίχῳ

308 1221 441 1274 κατὰ
478 1220 620 1291 γένος
653 1218 926 1289 προσήκων
960 1226 1165 1290 πρῶτος
1198 1220 1269 1275 ὢν
1305 1218 1547 1274 ἁπάντων
1572 1226 1677 1274 τῶν
1715 1219 1875 1274 αὐτοῦ
1904 1225 2148 1291 ξυγγενῶν

307 1306 402 1375 τὴν
424 1304 622 1373 ἡλικίαν
646 1303 808 1373 τύχοι.
895 1309 944 1359 Γ
944 1306 1154 1376 ιζέριχος
1188 1307 1280 1373 μὲν
1321 1300 1412 1360 οὖν
1450 1304 1610 1376 ἄρξας
1633 1306 1932 1377 Βανδίλων,
1978 1307 2145 1375 ἐπειδὴ

306 1388 648 1462 Καρχηδόνος
694 1387 970 1462 ἐκράτησεν
1005 1390 1093 1460 ἔτη
1139 1391 1282 1445 ἐννέα
1315 1393 1400 1445 καὶ
1444 1388 1747 1463 τριάκοντα,
1805 1389 2142 1461 ἐτελεύτησεν,

308 1475 476 1548 ὥσπερ
510 1477 722 1549 εἴρηται.
2163 1491 2214 1533 15

238 1568 276 1612 Β
474 1558 542 1631 η’.
622 1558 902 1632 Ὁνῶριχος
934 1563 991 1615 δὲ
1007 1602 1024 1628 ,
1082 1558 1110 1615 ὃ
1148 1566 1253 1615 τῶν
1295 1562 1483 1615 ἐκείνου
1524 1562 1723 1616 παίδων
1771 1558 2142 1633 πρεσβύτατος,

305 1645 561 1710 διεδέξατο
585 1647 679 1716 τὴν
706 1646 868 1718 ἀρχὴν
885 1688 901 1713 ,
947 1651 998 1700 Γ
993 1647 1203 1712 ε’νζωνος
1227 1646 1326 1716 ἤδη
1355 1648 1407 1710 ἐξ
1434 1644 1729 1720 ἀνθρώπων
1753 1646 2146 1718 ἀφανισθέντος.

303 1733 383 1784 ἐπὶ
418 1730 606 1787 τούτου
642 1731 922 1804 Ὁνωρίχου
963 1735 1236 1787 Βανδίλων
1274 1732 1522 1803 ἄρχοντος
1555 1729 1777 1802 πόλεμος
1814 1733 1991 1795 αὐτοῖς
2016 1733 2144 1805 πρὸς

304 1816 487 1871 οὐδένα
519 1815 843 1888 ἀνθρώπων,
889 1817 966 1871 ὅτι
999 1819 1072 1886 μὴ
1101 1819 1154 1880 ἐς
1178 1821 1584 1889 Μαυρουσίους,
1627 1818 1832 1887 ἐγένετο.
1925 1818 2021 1871 δέει
2045 1819 2143 1889 γὰρ

302 1909 377 1976 τῷ
405 1902 459 1956 ἐκ
482 1907 532 1956 Γ
528 1906 741 1973 ιζερίχου
769 1900 1107 1971 ἡσυχάζοντες
1132 1903 1231 1973 πρὸ
1257 1909 1350 1957 τοῦ
1377 1904 1424 1957 οἱ
1454 1901 1808 1974 Μαυρούσιοι,
1847 1904 2016 1972 ἐπειδὴ
2046 1902 2141 1957 τά-
2155 1917 2214 1959 20

298 2008 454 2056 χιστα
479 1988 706 2042 ἐκποδών
731 1986 970 2058 ἐγεγόνει,
1012 1985 1236 2059 ἔδρασάν
1261 2010 1314 2042 τε
1336 1989 1503 2042 πολλὰ
1527 1989 1647 2051 τοὺς
1682 1990 1975 2050 Βανδι’λους
2009 1991 2142 2044 κακὰ

120 2078 158 2118 V
188 2076 272 2122 358
305 2076 389 2127 καὶ
425 2072 572 2128 αὐτοὶ
614 2072 830 2127 ἔπαθον.
915 2073 1082 2144 γέγονε
1112 2071 1460 2144 δε“ονώριχος
1494 2075 1546 2136 ἐς
1568 2074 1690 2136 τοὺς
1721 2075 1773 2127 ἐν
1794 2072 1981 2145 Λιβύῃ
2003 2079 2142 2146 Χρι-

237 2163 275 2207 C
306 2159 542 2221 στιανοῦς
566 2156 833 2226 ὠμότατός
854 2180 908 2212 τε
933 2161 1018 2212 καὶ
1044 2156 1362 2221 ἀδικώτατος
1386 2156 1681 2230 ἀνθρώπων
1704 2156 1960 2217 ἁπάντων.
2018 2166 2142 2228 βια-

300 2242 508 2314 ζόμενος
530 2244 629 2318 γὰρ
659 2244 847 2310 αὐτοῦς
871 2245 923 2307 ἐς
951 2244 1044 2312 τὴν
1065 2243 1334 2316 Ἀρειανῶν
1356 2246 1735 2314 μετατίθεσθαι
1757 2242 1946 2312 δόξαν,
1988 2244 2141 2310 ὅσους

300 2427 554 2480 perpetuam
584 2422 821 2479 composuit
892 2437 1037 2467 acem:
1075 2426 1245 2466 cautum
1270 2423 1379 2467 enim
1408 2422 1571 2467 diserte
1597 2421 1704 2477 fuit,
1732 2437 1787 2467 ne
1814 2437 1993 2481 unquam
2023 2424 2140 2468 Van·

299 2480 388 2522 oali
417 2480 460 2521 in
490 2481 703 2523 Romanos
744 2479 900 2523 hostie
939 2481 1173 2537 quidquam
1214 2487 1457 2538 patrarent,
1495 2495 1636 2537 neque
1673 2482 1728 2524 ab
1767 2482 1834 2524 his
1863 2481 2138 2537 vicissimnilli

301 2545 571 2594 paterentur.
630 2539 772 2594 Atque
811 2539 917 2580 haec
956 2543 1085 2595 pacta
1125 2544 1336 2582 conventa
1376 2552 1470 2581 cum
1511 2538 1630 2580 Zeno
1669 2537 1763 2595 ipse
1802 2540 2020 2590 servavit,
2048 2545 2137 2582 tum

302 2594 394 2636 cius
423 2607 646 2636 successor
690 2595 940 2637 Anastasius
959 2613 971 2637 ε
1010 2609 1089 2638 nec
1117 2595 1310 2638 lustinus
1338 2595 1561 2639 dissolvit:
1598 2595 1718 2638 cuius
1747 2609 1800 2639 ex
1827 2609 1977 2638 sorore
2005 2610 2138 2652 nepos

298 2651 562 2693 Iustinianus
594 2651 649 2694 ad
679 2651 851 2709 Imperii
892 2652 1055 2695 clavum
1094 2654 1315 2695 successit.
1374 2653 1470 2696 Hoc
1511 2651 1730 2710 principe,
1776 2652 1931 2695 bellum
1961 2653 2137 2695 Vanda-

299 2708 425 2750 licum
457 2707 520 2749 ita
550 2709 811 2751 commissum
841 2715 934 2764 est,
975 2715 1024 2752 ut
1063 2710 1107 2752 in
1148 2717 1381 2767 temporum
1420 2710 1668 2753 inferiorum
1708 2708 1887 2752 historia
1913 2710 2136 2753 describe-

297 2778 404 2808 muS.
465 2765 591 2807 Haud
623 2766 693 2808 diu
724 2773 944 2822 superstes
972 2767 1229 2820 Gizericus,
1260 2767 1534 2823 grandaevus
1562 2766 1772 2819 decessit,
1799 2765 1968 2810 condito
1997 2773 2134 2810 testa-

297 2826 466 2874 mento,
508 2837 619 2878 quo,
663 2830 838 2879 praeter
881 2824 968 2867 alia
1011 2824 1166 2876 multa,
1203 2825 1309 2868 illud
1356 2824 1561 2867 Vandalis
1596 2823 1839 2876 mandavit,
1880 2829 1929 2866 ut
1956 2838 2132 2879 regnum

298 2878 576 2922 vandalicum
619 2879 660 2922 ei
705 2893 872 2935 semper
916 2881 1163 2933 obveniret,
1203 2881 1279 2938 qui
1319 2896 1400 2939 per
1439 2881 1603 2924 virilem
1654 2880 1831 2937 stirpem
1870 2886 1990 2923 recta
2019 2881 2132 2924 serie

295 2935 631 2993 propinquitatis
662 2937 909 2980 Gizericum
939 2937 1079 2994 ipsum
1108 2939 1355 2994 attingens,
1386 2945 1594 2994 cognatos
1619 2950 1721 2980 suos
1749 2942 1894 2980 aetate
1923 2952 2132 2995 praecur-

296 2997 430 3044 reret,
486 2992 625 3047 Igitur
655 2994 914 3048 Gizericus,
956 3008 1049 3038 cum
1080 3010 1107 3037 a
1147 3002 1276 3051 capta
1304 2995 1570 3050 Carthagine
1597 3008 1729 3038 anuos
1766 3007 1914 3038 xxxrx.
1948 2995 2130 3038 Vanda-

293 3050 349 3095 lis
375 3050 651 3106 imperasset,
679 3051 796 3102 fato,
827 3051 891 3093 uti
921 3051 1105 3093 diximus
1124 3081 1137 3103 ,
1171 3053 1346 3095 functus
1374 3057 1455 3095 est.

407 3109 450 3150 8.
508 3107 703 3162 Regnum
733 3108 961 3150 Gizericus
989 3108 1171 3151 filiorum
1203 3116 1305 3151 natu
1334 3108 1512 3151 maximo
1540 3106 1759 3151 Honorico
1787 3107 1976 3164 reliquit,
2006 3111 2128 3152 Gen-

294 3177 402 3206 zone
429 3164 511 3206 iam
539 3168 718 3207 mortuo.
778 3164 977 3215 Quandiu
1007 3165 1214 3207 Vandalis
1242 3165 1429 3222 praefuit
1458 3165 1713 3216 Honoricus,
1745 3179 1837 3207 cum
1858 3167 1974 3208 nulia
1997 3173 2127 3222 gente

294 3221 447 3263 bellum
477 3226 727 3275 gesserunt,
757 3221 950 3276 exceptis
985 3221 1172 3264 Mauris:
1203 3223 1278 3279 qui
1306 3222 1475 3278 quidem
1492 3228 1619 3264 antea
1641 3222 1831 3265 Gizerici
1859 3229 1972 3266 metu
2001 3237 2125 3265 coer-

295 3278 372 3319 citi
402 3278 506 3320 nihil
535 3282 781 3330 moverant3
825 3284 875 3321 atr
899 3278 1040 3320 statim
1071 3283 1119 3320 ut
1157 3278 1230 3320 ille
1259 3278 1464 3330 excessit,
1511 3278 1768 3322 detrimenta
1794 3280 1976 3336 plurima
2004 3286 2125 3322 attu-

293 3334 384 3376 lere
412 3335 644 3387 Vandalis,
682 3341 727 3377 et
773 3336 827 3377 ab
870 3334 936 3377 his
960 3347 1107 3377 rursus
1134 3349 1354 3392 accepere.
1413 3335 1683 3378 Christianos
1711 3337 1883 3380 Africae
1910 3345 1995 3380 tam
2024 3351 2124 3379 cru-

295 3391 478 3444 delitet,
516 3399 690 3449 'tamque
718 3391 873 3434 iniuste
902 3406 1022 3435 nemo
1051 3392 1261 3444 vexavit,
1288 3406 1412 3448 quam
1442 3393 1698 3436 Honoricus.
1755 3395 1862 3436 Cum
1891 3394 1998 3437 enim
2027 3393 2122 3435 ilios

294 3449 350 3491 ad
378 3455 537 3493 sectam
566 3450 764 3494 Arianam
790 3449 1077 3505 compelleret,
1108 3462 1382 3507 quoscunque
1403 3464 1550 3507 parum
1573 3451 1628 3493 ad
1649 3451 1962 3508 obsequendum
1981 3464 2124 3508 prom-
