2254 3814
285 123 410 206 516
1031 121 1363 177 PRocoPn

284 264 519 320 ἐκέλευεν.
605 264 631 319 ὅ
661 265 715 318 δὲ
739 257 1023 334 προθύμως
1046 265 1095 317 οἱ
1117 263 1182 317 τὰ
1208 263 1260 326 ἔς
1283 259 1505 330 πόλεμον
1524 256 1855 333 ὑπηρετήσειν
1878 259 2102 330 ὖποσχό-

283 373 435 419 μενος
465 350 616 405 ἔποίει
643 347 782 403 τάδε.
870 353 974 401 τῶν
999 351 1205 402 οῗκετῶν
1237 350 1328 416 μὲν
1369 349 1455 400 ἕνα
1471 388 1487 413 ,
1541 344 1879 417 Μαυρούσιον
1905 348 1997 414 μὲν
2022 348 2103 416 γε’-

110 460 145 500 1>
175 457 260 501 296
287 458 401 502 νος,
445 437 622 504 τέχνην
658 435 713 486 δὲ
747 429 985 503 μάγειρον
996 475 1014 500 ,
1062 435 1114 496 ἐς
1148 433 1208 487 τὸ
1240 439 1343 487 τῶν
1366 433 1604 486 ἐναντίων
1628 428 1972 503 στρατόπεδον
1998 430 2101 484 ἐκέ-

282 528 420 575 λευεν
464 520 618 584 ι’ἕναι,
664 521 747 571 καὶ
784 516 992 586 δόκησιν
1025 519 1118 587 μὲν
1152 525 1259 579 τοῖς
1285 518 1455 579 ἄλλοις
1476 516 1791 587 παρέχεσθαι
1819 515 1895 569 ὅτι
1926 516 1990 583 δὴ
2013 516 2102 569 τὸν

283 601 534 673 δεσπότην
572 602 804 674 ἀποδρὰς
836 602 1024 675 ᾤχετο,
1074 600 1251 674 λάθρα
1278 604 1334 656 δὲ
1356 607 1429 676 τῷ
1449 600 1668 676 Ἀντάλᾳ
1692 604 1842 655 εἴπεῖν
1867 598 1936 662 ὥς
1963 600 2142 673 αὖτῷό

279 695 331 744 Γ
328 688 544 759 όνθαρις
565 696 815 742 κοινωνεῖν
833 685 1073 754 βούλοιτο
1097 694 1189 756 τῆς
1210 685 1431 754 Λιβύων
1454 687 1630 757 ἀρχῆς.
1717 685 1744 739 ὃ
1770 687 1861 752 μὲν
1886 680 1977 739 οὖν
1999 683 2104 754 μά-

277 795 440 846 γειρος
467 773 597 828 κατὰ
624 778 789 826 ταῦτα
814 773 981 825 ε’ποίει.
1070 771 1096 826 ὃ
1123 774 1178 826 δὲ
1200 770 1445 834 Ἀντάλας
1471 772 1560 825 τὸν
1582 772 1676 840 μὲν
1700 767 1848 840 λόγον
1875 771 2104 838 ἀσμένως

280 859 493 927 ἢκουσε,
537 863 787 912 τοσοῦτον
826 859 882 910 δὲ
913 857 1242 928 ἀπεκρίνατο,
1268 855 1360 922 ,ὥς
1397 857 1451 910 αἱ
1488 865 1709 926 γενναῖαι
1744 862 1846 910 τῶν
1874 854 2103 927 πράξεων

280 943 365 997 διὰ
389 949 492 998 τῶν
514 945 767 1014 μαγείρων
792 943 1101 1012 ἐπιγίνεσθαι
1129 952 1237 1006 τοῖς
1263 939 1560 1011 ἀνθρώποις
1581 941 1640 996 οὗ
1663 939 1929 1012 πεφύκασι.
1974 947 2102 994 ταῦ-

271 1051 339 1083 τα
362 1029 464 1082 ἐπεὶ
489 1033 539 1081 Γ
536 1026 751 1099 όνθαρις
777 1027 979 1096 ἤκουσε,
1006 1034 1110 1082 τῶν
1136 1024 1440 1099 δορυφόρων
1473 1027 1578 1092 ἕνα,
1631 1026 1884 1080 Οὗλίθεον
1915 1025 2098 1092 ὄνομα,
2118 1039 2172 1079 10

273 1107 316 1187 ᾧ
354 1114 418 1182 δὴ
450 1111 677 1182 μάλιστα
716 1109 1006 1186 πιστοτάτῳ
1055 1115 1267 1183 ἐχρῆτο,
1323 1112 1467 1182 παρὰ
1513 1111 1603 1166 τὸν
1644 1109 1892 1164 Ἀντάλαν
1942 1111 2103 1173 eti-‘hig

272 1197 497 1268 ἔπεμψεν
510 1240 528 1265 ,
593 1197 663 1260 ὥς
716 1195 979 1267 ἀγχοτάτω
1026 1195 1362 1266 Καρχηδόνος
1405 1196 1561 1250 αἰτόν
1602 1201 1914 1265 παρακαλῶν
1957 1196 2101 1251 ἴέναι.

274 1283 410 1337 οὕτω
441 1281 537 1353 γάρ
567 1284 616 1335 οἶ
649 1282 738 1336 τὸν
766 1279 1084 1351 Ἀρεόβινδον
1110 1283 1163 1345 ἐξ
1187 1279 1479 1350 ἀνθρώπων
1503 1281 1731 1352 ἀφανιεῖν
1759 1280 2097 1350 ἐπηγγέλλετο.

207 1384 245 1427 Β
274 1366 300 1422 ὅ
340 1369 433 1437 μὲν
471 1362 562 1421 οὗν
598 1367 850 1428 Οὗλίθεος
885 1364 1057 1438 κρύφα
1087 1373 1189 1421 τῶν
1227 1367 1395 1421 ἄλλων
1427 1363 1710 1437 βαρβάρων
1728 1365 1946 1440 Ἀντάλᾳ
1972 1370 2098 1434 ξυμ-

268 1454 460 1522 βαίνει,
507 1451 592 1523 ἒφ’
633 1445 675 1526 ᾧ
714 1453 967 1517 Βυζακίου
1001 1453 1095 1521 μὲν
1124 1450 1374 1515 Ἀντάλας
1401 1452 1576 1520 ἄρχοι,
1623 1449 1683 1505 τό
1722 1472 1774 1505 τε
1807 1450 1964 1520 ἥμισυ
1995 1457 2098 1506 τῶν
2117 1465 2168 1508 15

262 1538 586 1609 Ἀρεοβίνδου
607 1534 881 1607 χρημάτων
903 1536 1030 1606 ἔχων
1052 1540 1135 1591 καὶ
1158 1541 1520 1600 πεντακοσίους
1545 1558 1599 1590 ’τε
1620 1539 1704 1590 καὶ
1722 1538 1915 1605 χιλίους
1939 1558 2101 1607 στρα-

268 1620 459 1686 τιώτας
487 1620 770 1689 Ῥωμαίους
808 1622 898 1685 ξὺν
929 1622 1070 1695 αὐτῷ
1103 1620 1439 1693 ἐπαγόμενος,
1483 1627 1534 1675 Γ
1530 1619 1744 1692 όνθαρις
1775 1622 1831 1676 δὲ
1859 1621 1917 1675 τὸ
1947 1628 2100 1690 βασι-

268 1708 395 1770 λέως
430 1707 632 1776 ἀξίωμα
666 1705 848 1774 λάβοι,
895 1706 1234 1779 Καρχηδόνος
1266 1730 1320 1763 τε
1355 1708 1415 1762 τὸ
1440 1704 1627 1779 κράτος
1662 1709 1744 1760 καὶ
1772 1704 1984 1776 Λιβύης
2010 1713 2101 1776 τῆς

267 1792 427 1863 ἄλλης
458 1792 602 1861 ἔχων.
689 1798 854 1846 ταῦτα
883 1795 939 1846 δὲ
963 1794 1398 1863 διαπεπραγμένος
1421 1796 1666 1862 ἐπανῆκεν
1687 1794 1739 1855 ἐς
1759 1793 1819 1846 τὸ
1836 1790 2100 1860 Ῥωμαίων

266 1875 644 1950 στρατόπεδον,
692 1876 813 1948 ὅπερ
837 1876 973 1931 ἅπαν
1000 1878 1100 1949 πρὸ
1130 1885 1222 1933 τοῦ
1251 1877 1524 1950 περιβόλου
1548 1879 1849 1946 πεποίηντο,
1894 1879 1947 1930 ἓν
1975 1879 2168 1948 aspi—20

267 1983 348 2016 σιν
378 1963 552 2025 αὐτοῖς
578 1962 642 2016 τὰ
670 1960 993 2033 φυλακτήρια
1018 1961 1182 2032 πύλης
1206 1962 1422 2032 ἑκάστης
1447 1960 1750 2032 νειμάμενοι.
1810 1963 1858 2015 οἱ
1885 1964 1941 2015 δὲ
1964 1962 2099 2034 βάρ-

267 2054 423 2119 βαροι
459 2047 520 2102 οὖ
547 2051 719 2120 πολλῷ
745 2046 958 2117 ὕστερον
982 2047 1114 2101 εὐθὺ
1138 2047 1475 2118 Καρχηδόνος
1504 2051 1705 2120 σπουδῇ
1738 2052 1899 2118 πολλῇ
1921 2047 2092 2119 ᾔεσαν,

265 2131 317 2186 ἕν
349 2155 404 2188 τε
434 2133 607 2208 χωρίῳ
643 2137 717 2206 τῷ
752 2134 960 2208 Δεκίμῳ
998 2134 1293 2209 καλουμένῳ
1324 2128 1879 2205 στρατοπεδευσάμενοι
1905 2132 2095 2201 ἔμενον.

349 2275 352 2280 “
376 2270 420 2313 7.
451 2264 478 2312 ὁ
510 2265 581 2324 δὲ]
611 2264 637 2313 ὁ
667 2265 720 2313 δέ
748 2266 796 2313 οἱ
825 2268 920 2311 HL.
1035 2271 1078 2314 9.
1110 2267 1170 2315 οὖ
1197 2266 1430 2324 πεφύκασι
1457 2269 1492 2312 Ρ
1522 2283 1619 2313 cum
1646 2269 1742 2311 RV.
1774 2264 1835 2314 ozi
1864 2282 1930 2312 om
1959 2269 2094 2313 AHL.

376 2327 446 2370 19.
473 2328 625 2370 ταῦτα
653 2323 732 2381 δὲ]
762 2323 913 2370 ταῦτά
937 2341 986 2371 τε
1018 2327 1116 2371 Hm.
1254 2330 1324 2373 20.
1353 2327 1608 2385 πεποίηντο
1637 2327 1814 2372 LmHm.
1871 2329 2094 2384 πεποίην-

375 2398 452 2427 ται
480 2383 610 2427 ΑΡαι.
669 2385 920 2441 πεποίηται
947 2383 1043 2427 ΗΡ.

258 2512 365 2553 stem
407 2508 594 2561 ducere,
645 2525 762 2556 suam
795 2512 838 2555 in
868 2511 980 2557 bello
1021 2502 1193 2569 operam
1223 2514 1420 2570 prompte
1461 2511 1706 2570 pollicitus,
1757 2510 1948 2555 fraudem
1983 2511 2091 2555 hanc

259 2567 430 2610 struxit.
492 2569 686 2612 Maurum
716 2569 952 2625 quemdam,
983 2583 1008 2612 e
1036 2569 1125 2612 suis
1155 2584 1281 2613 uuum
1310 2569 1492 2619 famulis,
1527 2569 1801 2625 eumdemque
1828 2583 2006 2625 coquum
2036 2569 2091 2611 ad

259 2630 404 2667 castra
435 2624 618 2668 hostium
646 2639 694 2669 se
721 2626 785 2668 ita
813 2628 1011 2670 conferre
1040 2627 1187 2678 iussit,
1234 2633 1283 2670 ut
1311 2627 1436 2683 vulgo
1465 2627 1633 2684 quidem
1661 2626 1775 2669 servi
1806 2625 1991 2683 speciem
2022 2626 2094 2668 su-

258 2680 387 2736 gitivi
411 2682 655 2737 praeberet,
686 2683 793 2726 clam
821 2698 924 2726 vero
954 2684 1136 2727 Antalae
1162 2684 1444 2739 significaret,
1473 2684 1584 2727 velle
1609 2683 1853 2726 Gontharin
1882 2697 1973 2726 cum
1993 2683 2090 2739 ipso

259 2752 436 2793 regnum
475 2738 647 2782 Africae
675 2741 997 2784 communicare.
1058 2741 1154 2784 Nec
1186 2741 1322 2784 defuit
1361 2739 1571 2784 mandatis
1610 2753 1786 2794 coquus.
1845 2739 1924 2782 His
1958 2742 2093 2783 Anta-

260 2795 324 2837 las
353 2793 549 2851 quamvis
578 2795 760 2839 libenter
801 2798 986 2850 auditis,
1030 2797 1078 2840 id
1107 2812 1234 2841 unum
1268 2797 1514 2855 respondit,
1558 2797 1780 2854 praeciara
1809 2796 1982 2851 negotia
2011 2810 2091 2854 per

260 2861 424 2907 coquos
464 2852 622 2899 agitari
649 2853 762 2897 inter
804 2854 993 2898 homines
1019 2867 1104 2897 non
1141 2855 1296 2897 solere.
1372 2855 1538 2906 Quibus
1579 2855 1722 2896 verbis
1761 2853 1816 2896 ad
1846 2854 2090 2896 Gontharin

259 2909 452 2965 perlatiS,
484 2908 717 2960 Uiitheum,
759 2911 954 2954 satellitii
984 2913 1049 2954 sui
1078 2912 1340 2965 fidissimum,
1371 2926 1397 2954 e
1427 2911 1616 2967 vestigio
1646 2911 1700 2953 ad
1731 2911 1925 2953 Antalam
1955 2910 2091 2953 desti-

259 2971 350 3017 nat,
379 2980 472 3008 eum
502 2966 702 3021 hortans,
746 2973 794 3009 ut
823 2968 1015 3024 proxime
1044 2968 1349 3024 Carthaginem
1378 2968 1545 3011 veniat:
1590 2967 1637 3011 id
1663 2967 1701 3010 si
1728 2967 1906 3019 fecerit,
1945 2967 2089 3010 factu-

259 3035 350 3064 rum
380 3035 428 3065 se
454 3022 632 3078 recipit,
683 3029 734 3066 ut
762 3025 1030 3068 Areobindus
1058 3039 1115 3067 ex
1143 3025 1336 3068 vivorum
1378 3039 1550 3068 numero
1579 3025 1844 3067 exturbetur.
1911 3023 2088 3067 Demum

260 3078 475 3131 Ufflheus,
503 3080 610 3122 clam
640 3081 821 3123 caeteris
848 3083 1067 3136 narbaris,
1099 3096 1191 3125 cum
1222 3082 1374 3126 Antala
1406 3082 1644 3138 pactionem
1673 3081 1782 3122 hanc
1809 3080 2001 3123 conficit:
2043 3081 2089 3124 in

260 3140 479 3191 potestate
517 3137 698 3179 Antalae
727 3139 913 3180 futurum
951 3139 1183 3193 Byzacium
1222 3154 1313 3182 cum
1342 3139 1517 3181 dimidia
1556 3141 1682 3194 parte
1709 3138 1915 3194 pecuniae
1954 3139 2090 3180 Areo-

260 3192 408 3246 bindi,
438 3209 490 3237 ac
520 3194 718 3236 Romanis
748 3195 951 3237 militibus
980 3195 1093 3237 mille
1121 3202 1167 3238 et
1193 3196 1462 3252 quingentise
1505 3193 1719 3237 Gotharin
1749 3208 1841 3236 cum
1870 3194 1991 3250 regia
2021 3194 2089 3236 di—

258 3249 448 3305 gnitate,
493 3250 705 3293 dominatu
734 3251 1011 3306 Carthaginis
1041 3256 1085 3294 et
1113 3251 1306 3309 reliquae
1336 3251 1508 3295 Africae
1533 3249 1776 3307 potiturum.
1835 3251 1914 3292 His
1943 3258 2087 3294 trans·

260 3307 393 3359 actis,
434 3308 489 3350 ad
518 3309 709 3351 Romana
737 3314 882 3350 castra
910 3309 1170 3359 revertitur,
1221 3310 1274 3351 ab
1305 3309 1416 3350 omni
1446 3307 1638 3350 exercitu
1667 3321 1744 3363 pro
1775 3308 1992 3350 moenibus
2021 3308 2086 3351 ita

261 3364 418 3418 posita,
452 3371 499 3407 ut
525 3366 639 3408 inter
668 3366 816 3422 copias
843 3370 1061 3420 portarum
1091 3365 1283 3408 custodia
1312 3365 1451 3407 divisa
1479 3370 1607 3408 esset.
1667 3365 1792 3407 Haud
1823 3365 1953 3407 multo
1985 3370 2086 3421 post

260 3426 379 3464 recta
419 3420 723 3478 Carthaginem
764 3427 915 3480 petere
959 3421 1142 3466 Barbari
1183 3428 1478 3478 maturavere,
1531 3426 1578 3465 et
1605 3421 1660 3465 ad
1689 3421 1906 3465 Decimum
1933 3420 2082 3464 metati
