2184 3822
274 201 305 258 1
317 200 346 257 1
355 202 391 259 2
1016 199 1351 254 PROCOPII

269 342 487 418 παλαιὸν
511 342 706 397 εἴθιστο
723 361 734 372 ·
794 337 1018 413 φρούρια
1060 342 1117 395 δὲ
1136 342 1200 396 τὰ
1227 343 1280 398 ἔν
1303 344 1512 415 Λαζικῇ
1547 341 1642 397 οὐκ
1666 340 1762 414 ἔφη
1785 341 2087 410 ἀποδώσειν,

267 432 443 499 καίπερ
478 429 633 490 αὐτὸς
669 425 729 481 τό
769 449 823 480 τε
853 425 1146 499 Φαράγγιον
1182 431 1266 482 καὶ
1296 433 1472 483 Βῶλον
1509 429 1567 483 τὸ
1607 425 1853 499 φρούριον
1883 431 2090 483 δικαιῶν

263 515 391 585 πρὸς
408 513 670 580 Ῥωμαίων
694 512 986 580 ἀπολαβεῖν.
1076 513 1202 566 ἕλκει
1230 515 1287 568 δὲ
1314 517 1491 586 λι’τρας
1509 514 1584 568 ,τὸ
1610 511 1934 584 κεντηνάριον
1972 513 2091 568 ἔκα-

262 601 381 665 τόν,
431 598 527 668 ἀφ’
564 591 625 651 οὗ
652 597 714 665 δὴ
753 600 836 650 καὶ
863 595 1173 666 ὠνόμασται.
1262 599 1436 654 κέντον
1459 598 1556 669 γὰρ
1582 599 1648 652 τὰ
1675 596 1856 653 ἑκατὸν
1882 605 2095 653 καλοῦσι

257 683 512 752 Ῥωμαῖοι.
602 688 756 735 τοῦτο
784 683 844 736 δέ
863 684 912 737 οἳ
937 685 1182 738 δίδοσθαι
1207 684 1266 738 τὸ
1289 686 1504 756 χρυσίον
1532 684 1697 754 ἠξίου,
1746 682 1815 747 ὥς
1843 678 1967 754 μήτε
1997 682 2136 742 πεί-5

263 775 341 822 λιν
376 765 563 837 Δάρας
594 765 835 834 Ῥωμαῖοι
879 775 1114 823 καθελεῖν
1153 768 1528 840 ἀναγκάζωνται
1577 767 1706 838 μήτε
1746 771 2095 841 φυλακτηριόυ

115 866 149 907 P
179 865 236 909 65
266 859 358 907 τοῦ
389 856 440 906 ἐν
467 850 650 916 πύλαις
675 854 936 917 Κασπίαις
960 860 1261 924 μεταλαχεῖν
1283 856 1528 926 Πέρσαις.
1600 855 1649 908 οἶ
1666 854 1839 922 με’ντοι
1865 856 2098 926 πρέσβεις

262 939 329 992 τὰ
349 940 442 1007 μὲν
479 937 610 992 ἄλλα
633 937 876 1010 ἐπῄνουν,
919 942 985 993 τὰ
1009 942 1064 994 δὲ
1090 938 1314 1012 φρούρια
1341 938 1593 994 ἐκδιδόναι
1635 939 1728 993 οὒκ
1755 939 1980 1011 ἔφασκον
2001 938 2103 994 οἶοί

260 1046 316 1078 τε
343 1022 484 1089 εἶναι,
512 1022 576 1091 ἦν
604 1025 673 1093 μὴ
700 1025 951 1091 βασιλέως
980 1025 1117 1097 ἀμφ’
1151 1026 1324 1088 αὐτοῖς
1344 1023 1615 1080 πύθωνται
1642 1022 1906 1096 πρότερον.
1960 1025 2098 1089 ἔδοξε
2135 1046 2138 1050 ·

263 1112 437 1164 τοίνυν
463 1107 727 1181 Ῥουφῖνον
752 1111 844 1179 μὲν
866 1109 992 1182 ὑπὲρ
1018 1108 1214 1166 τούτων
1239 1113 1290 1174 ἐς
1312 1108 1595 1177 ,Βυζάντιον
1625 1110 1946 1177 στέλλεσθαι,
1977 1111 2098 1174 τούς
2113 1126 2167 1170 10

264 1196 322 1248 δὲ
347 1195 563 1263 ἄλλους,
609 1196 702 1258 ἕως
736 1195 892 1259 αὐτὸς
929 1198 1136 1268 ἒπανίῃ,
1182 1196 1364 1264 με’νειν.
1452 1199 1535 1250 καὶ
1566 1192 1752 1268 χρόνος
1782 1194 1984 1265 ἡμερῶν
2009 1195 2099 1263 ἕβ-

268 1279 561 1350 δομήκοντα
591 1278 837 1354 Ῥουφίνῳ
870 1281 1116 1345 ξυνέκειτο
1157 1282 1209 1344 ἒς
1230 1282 1325 1351 τὴν
1364 1281 1551 1354 ἄφιξιν.
1640 1283 1742 1335 ἐπεὶ
1768 1283 1823 1334 δὲ
1849 1279 2099 1353 ὃῬουφῖ-

264 1388 354 1428 νος
388 1369 438 1428 ἐς
474 1363 754 1430 Βυζάντιον
791 1364 1096 1437 ἀφικόμενος
1131 1372 1339 1432 βασιλεῖ’
1367 1365 1696 1437 ἀπήγγελλεν,
1743 1365 1842 1420 ὅσα
1880 1365 2099 1439 Χοσρόῃ

269 1451 405 1523 ἀμφὶ
431 1457 495 1522 τῇ
521 1449 694 1522 εἷρήνῃ
721 1454 974 1505 δοκοῦντα
997 1452 1092 1521 εἴη,
1145 1452 1335 1506 ἐκέλευε
1364 1453 1606 1520 βασιλευς
1627 1451 1760 1506 κατὰ
1786 1457 1955 1506 ταῦτα
1977 1454 2099 1524 σφί-

267 1557 319 1591 σι
344 1538 438 1607 τὴν
458 1534 662 1605 εἰρήνην
692 1538 1048 1600 ξυνίστασθαι.
2113 1547 2168 1596 15

202 1633 240 1675 Β
430 1620 569 1675 Ἀλλ’
613 1623 666 1675 ἐν
703 1620 872 1694 τούτῳ
899 1619 1046 1694 φήμη
1085 1642 1162 1684 τις
1191 1620 1284 1676 οὐκ
1306 1620 1511 1692 ἀληθὴς
1547 1619 1744 1691 ἥκουσα
1774 1624 1844 1684 εἷς
1870 1621 1937 1675 τὰ
1958 1626 2101 1693 Περ-

262 1713 368 1761 σῶν
394 1706 535 1776 ἤθη,
582 1707 798 1775 βασιλέα
830 1707 1189 1762 ’Ῑουστινιανόν
1228 1707 1465 1778 ἤγγελλεν
1495 1707 1804 1778 ὀργισθέντα
1836 1705 2101 1779 Ῥουφῖνον

263 1801 469 1847 κτεῖναι.
558 1791 637 1855 οἷς
665 1793 729 1862 δὴ
758 1791 1005 1864 Χοσρόης
1042 1795 1415 1863 ξυνταραχθείς
1438 1815 1491 1847 τε
1515 1796 1600 1847 καὶ
1620 1798 1779 1866 θυμῷ
1801 1798 1974 1866 πολλῷ
2000 1792 2101 1862 ἤδη
2151 1847 2154 1850 ⁴

259 1876 498 1946 ἐχόμενος
539 1883 611 1951 τῷ
638 1882 791 1932 παντὶ
830 1883 1038 1953 στρατῷ
1062 1881 1142 1932 ἐπὶ
1172 1876 1456 1947 Ῥωμαίους
1492 1877 1583 1951 ᾔει.
1667 1876 1934 1950 Ῥουφῖνος
1965 1877 2023 1932 δέ
2054 1878 2103 1932 οἶ

256 1964 448 2030 μεταξὺ
489 1961 751 2032 ἐπανήκων
790 1965 985 2034 ἐνέτυχε
1022 1961 1215 2027 πόλεως
1237 1965 1508 2031 Νισίβιδος
1545 1963 1605 2018 οὗ
1640 1964 1846 2035 μακρὰν
1882 1962 2170 2032 &no-9622)

258 2049 337 2102 διὸ
371 2049 433 2118 δὴ
466 2048 618 2102 αὐτοί
640 2072 693 2102 τε
720 2052 772 2102 ἐν
799 2056 863 2123 τῇ
890 2049 1031 2104 πόλει
1053 2047 1219 2122 ταύτῃ
1245 2050 1468 2119 ἐγένοντο
1500 2052 1603 2116 καὶ,
1651 2050 1753 2103 ἐπεὶ
1782 2049 1877 2119 τὴν
1900 2046 2103 2121 εῗρήνην
2164 2037 2172 2050 “

256 2140 504 2202 βεβαιοῦν
539 2133 778 2202 ἔμελλον,
849 2136 915 2190 τὰ
948 2132 1190 2208 χρήματα
1230 2136 1279 2190 οἶ
1315 2135 1551 2208 πρέσβεις
1588 2136 1822 2190 ἐνταῦθα
1858 2131 2100 2203 ἐκόμιζον.

373 2315 418 2356 2.
447 2310 501 2357 τό
530 2326 580 2355 τε
608 2313 659 2355 L.
689 2309 791 2358 τότε
821 2313 871 2357 Ρ.
961 2315 1029 2360 13.
1060 2309 1364 2373 ἀπήγγελλεν]
1394 2313 1539 2371 Vulgo
1568 2309 1832 2372 ἀπήγγειλεν.
1921 2314 1991 2359 17.
2021 2310 2101 2371 ἥγ-

370 2373 522 2424 γελλεν
550 2371 601 2416 L.
659 2367 839 2427 ἤγγελεν
867 2370 920 2414 Ρ.

263 2525 404 2570 veteri
433 2526 740 2569 Constantina:
770 2527 957 2570 Lazicae
986 2527 1163 2571 castella
1191 2526 1371 2584 negavit
1398 2541 1446 2571 se
1478 2525 1770 2580 redditurum3
1801 2527 1996 2585 quamvis
2026 2541 2100 2570 ae-

263 2598 392 2640 quum
432 2598 526 2625 esse
564 2584 728 2626 diceret
768 2599 815 2627 se
855 2599 880 2627 a
918 2586 1122 2628 Romanis
1162 2585 1449 2642 Pharangium
1478 2590 1523 2628 et
1551 2584 1702 2627 Bolum
1741 2585 1959 2628 castellum
1989 2585 2101 2627 reci-

262 2655 384 2697 pere.
443 2641 580 2683 Porro
622 2641 912 2684 centenarium
951 2643 1110 2700 pendet
1140 2647 1307 2686 centum
1338 2641 1501 2700 pondo=
1545 2641 1659 2684 unde
1688 2647 1733 2685 et
1761 2657 1910 2686 nomen
1938 2641 2098 2685 traxit:
2152 2680 2161 2694 ,

260 2705 429 2740 centum
459 2698 570 2739 enim
598 2699 846 2741 vocabulum
875 2699 1108 2742 Romanum
1139 2705 1230 2752 est,
1261 2699 1374 2756 quod
1402 2703 1528 2742 sonat
1555 2712 1770 2742 numerum
1798 2699 2101 2743 centenarium.
2166 2709 2178 2714 ·

261 2756 474 2798 Summam
516 2755 624 2797 hanc
664 2756 756 2797 auri
803 2758 981 2811 petebat
1018 2757 1114 2810 ille,
1154 2757 1192 2799 si
1231 2756 1399 2814 quidem
1429 2756 1607 2798 Romani
1645 2756 1804 2800 nollent
1833 2771 1912 2799 nec
1942 2757 2099 2800 Daram
2152 2741 2184 2826 ᾗ

261 2812 485 2862 demoliri,
532 2826 612 2854 nec
653 2813 916 2868 praesidium
961 2815 1186 2858 coniuncte
1222 2828 1316 2857 cum
1346 2812 1491 2856 Persis
1521 2813 1576 2856 ad
1607 2813 1763 2856 Portas
1793 2813 1976 2870 Caspias
2006 2813 2102 2869 agi-

258 2873 368 2914 tare.
447 2869 602 2911 Omnia
641 2871 878 2926 probarunt
914 2876 1098 2927 rataque
1137 2871 1380 2915 habuerunt
1415 2870 1572 2927 Legati
1610 2877 1911 2928 praeterquam
1950 2884 2099 2914 unum:

258 2927 373 2982 quod
405 2940 555 2982 nempe
585 2927 641 2969 ad
671 2927 854 2969 Lazicae
883 2929 1059 2970 castella
1089 2929 1304 2983 attineret,
1334 2933 1544 2983 negarunt
1573 2942 1627 2970 ea
1654 2942 1702 2970 se
1731 2928 1950 2972 remittere
2009 2927 2099 2971 rius
2174 2938 2181 2948 ¹

257 2997 409 3039 posse,
442 2998 566 3038 quam
596 2997 726 3039 super
760 2985 827 3026 his
851 2984 1038 3040 *Augusti
1066 2991 1247 3028 mentem
1274 2983 1555 3041 accepissent.
1613 2985 1679 3027 Ad
1707 2985 1752 3027 id
1782 2985 1944 3042 placuit
2014 2985 2097 3028 ufl-

254 3055 352 3083 num
384 3040 496 3083 mitti
523 3041 803 3096 Byzantium,
835 3041 1012 3097 eiusque
1042 3043 1222 3085 reditum
1251 3042 1442 3098 collegas
1471 3042 1688 3098 opperiri,
1715 3043 1974 3099 praestituto
2004 3042 2098 3085 die-
2166 3047 2184 3087 'J‘

253 3113 346 3142 rum
386 3111 489 3140 Lxx.
530 3099 672 3152 spatio
714 3099 769 3140 ad
809 3098 893 3141 iter
933 3100 1235 3154 peragendum.
1292 3100 1581 3154 Posteaquam
1621 3099 1877 3154 Byzantium
1915 3099 2097 3142 Rufinus

255 3155 484 3213 pervenit,
530 3155 820 3206 conditiones,
873 3157 1026 3211 quibus
1070 3157 1282 3200 chosroes
1320 3156 1447 3198 finem
1490 3155 1600 3198 bello
1648 3156 1867 3212 imponere
1907 3157 2096 3209 volebat,

253 3211 484 3270 proposuit
512 3211 790 3267 Imperatori:
820 3213 894 3268 qui
923 3218 1012 3255 tum
1038 3213 1123 3256 iuis
1153 3227 1378 3264 assensus,
1405 3226 1551 3270 pacem
1581 3213 1776 3267 componi
1803 3212 1942 3256 iussit.

369 3269 543 3311 Interim
587 3270 719 3311 falsus
758 3269 876 3312 venit
917 3284 1061 3312 rumor
1099 3271 1143 3312 in
1182 3270 1405 3313 Persidem
1433 3269 1632 3312 Rufinum
1661 3270 1794 3312 fuisse
1823 3277 1956 3312 morte
1986 3268 2096 3312 affe-

258 3330 372 3369 ctum
402 3328 456 3369 ab
485 3325 596 3368 irato
626 3326 875 3369 Iustiniano.
931 3327 1040 3369 Inde
1068 3328 1267 3370 turbatus
1294 3327 1449 3383 iraque
1476 3325 1672 3369 incensus
1695 3327 1909 3370 chosroes
1936 3327 2018 3369 iam
2049 3327 2093 3368 in
2152 3356 2164 3372 ,

257 3384 472 3427 Romanos
502 3383 734 3427 exercitum
766 3383 1011 3426 universum
1041 3385 1252 3435 ducebat,
1297 3398 1392 3426 cum
1422 3397 1558 3440 prope
1587 3383 1761 3427 Nisibin
1789 3384 1980 3428 occurrit
2006 3381 2092 3440 ipsi
2163 3384 2166 3390 ’

257 3441 439 3484 Rufinus
470 3440 656 3494 rediens,
715 3441 938 3484 Pertraxit
965 3454 1039 3484 eos
1066 3439 1367 3498 opportunitas
1394 3440 1501 3494 loci,
1543 3444 1588 3484 et
1613 3440 1822 3496 quoniam
1861 3439 2094 3484 sancienda

257 3513 346 3557 pax
376 3503 472 3543 erat
485 3528 498 3550 ‚
540 3498 696 3555 Legati
725 3498 771 3542 in
799 3512 892 3542 eam
919 3499 1068 3542 urbem
1095 3502 1271 3556 pactum
1296 3511 1447 3543 aurum
1489 3498 1841 3556 deportaverunt.
1899 3498 2092 3541 Interve-
