2254 3814
338 145 459 202 298
923 184 927 188 -
1035 180 1039 185 -
1098 145 1432 201 PROCOPII

333 290 429 340 θεν
474 308 527 340 τε
569 284 688 339 κατ’
732 283 930 352 ὀλίγους
956 279 1228 353 περιιόντες
1265 285 1518 355 ἐληίζοπο
1542 283 1608 338 τὰ
1636 285 1794 357 ἐκείνῃ
1817 290 1996 359 χωρία.
2087 283 2158 343 ὧν

331 371 398 438 δὴ
423 369 449 424 ὅ
482 376 527 424 Γ
523 368 741 438 ουβάζης
769 365 1080 434 αἰσθόμενος
1108 377 1180 443 τῷ
1203 372 1512 445 Δαγισθαίῳ
1536 368 1794 424 ἐπέστελλε
1832 379 2047 442 βοηθεῖν
2073 375 2154 428 ἐν-

328 462 506 509 ταῦθα
531 457 730 525 σπουδῇ
748 470 762 483 ·
807 450 1012 524 δράσειν
1040 455 1136 526 γὰρ
1169 457 1314 527 σφίσι
1338 456 1460 518 τούς
1484 457 1754 525 πολεμίους
1779 455 1933 512 κακόν
1957 479 2006 512 τι
2026 460 2155 529 μέγα

330 540 524 593 δυνατὰ
570 538 807 595 ἔσεσθαι.
898 536 924 592 ὅ
959 541 1015 592 δε)
1049 541 1180 594 κατὰ
1219 546 1384 595 ταῦτα
1423 542 1602 608 ἐποίει,
1655 544 1812 596 παντί
1837 564 1891 596 τε
1934 549 2006 616 τῷ
2031 541 2155 597 Ῥω-
2218 607 2223 612 ,

326 626 492 692 μαίων
523 631 731 697 στρατῷ
773 625 1084 694 ἐπίπροσθεν
1117 626 1193 697 ᾔει
1210 667 1227 692 ,
1272 627 1324 679 ἐν
1357 626 1598 702 ἀριστερᾷ
1621 626 1747 696 ἔχων
1774 628 2008 696 ποταμὸν
2040 634 2195 685 miz-5

331 730 439 775 σιν,
486 709 582 772 ἕως
613 712 666 772 ἐς
679 714 850 781 χῶρον
874 708 1082 781 ἀφίκετο
1102 713 1188 765 ἵνα
1215 711 1277 781 δὴ
1306 712 1356 765 οἳ
1386 714 1560 778 Λαζοὶ
1583 711 2070 783 ἐστρατοπεδεύοντο
2103 714 2156 767 ἐν

327 799 392 864 τῇ
427 792 575 870 ἑτέρα
613 802 706 849 τοῦ
746 801 980 862 ποταμοῦ
1009 795 1162 868 ὄχθῃ.
1250 795 1485 866 ἐτύγχανε
1514 798 1571 851 δὲ
1609 795 1773 869 ταύτῃ
1800 795 1826 851 ὃ
1855 804 2020 861 Φᾶσις
2042 801 2155 851 δια-

328 879 491 946 βατός
517 880 587 934 ὢν
599 922 615 947 ,
662 881 782 952 ὅπερ
807 879 1045 949 Ῥωμαῖοι
1069 884 1162 950 μὲν
1187 884 1271 935 καὶ
1294 883 1495 954 Πέρσαι
1518 882 1718 958 ἀπειρίᾳ
1740 888 1845 936 τῶν
1871 883 2030 955 ἐκείνῃ
2046 905 2156 952 χω-

264 968 304 1010 D
337 966 458 1034 ρίων
484 963 554 1028 ὥς
586 965 768 1036 ἥκιστα
788 963 1103 1032 ὗπετόπαζον
1115 1009 1132 1034 ,
1177 971 1350 1032 Λαζοὶ
1375 969 1547 1036 μέντοι
1576 965 1950 1035 ἐξεπιστάμενοι
1974 970 2156 1022 ἐνταῦ-

329 1055 409 1103 θα
447 1051 689 1121 διέβησαν
725 1054 1025 1116 ἐξαπιναίως
1058 1055 1141 1106 καὶ
1177 1053 1501 1123 ἀνεμίγνυντο
1541 1059 1615 1127 τῷ
1633 1051 1895 1121 Ῥωμαίων
1919 1054 2254 1127 στρατῷ·10’

331 1135 535 1206 Πέρσαι
570 1139 626 1190 δὲ
666 1137 858 1209 ἄνδρας
881 1140 1076 1206 χιλίους
1115 1143 1215 1192 τῶν
1266 1141 1318 1192 ἐν
1351 1140 1496 1209 σφίσι
1532 1140 1754 1208 δοκίμων
1795 1139 2157 1207 ἀπολεξάμενοι

330 1218 591 1288 ἔπεμψαν,
630 1222 699 1285 ὥς
720 1221 793 1291 μή
826 1245 899 1285 τις
927 1225 1006 1275 ἐπὶ
1031 1223 1091 1276 τὸ
1116 1220 1465 1294 στρατόπεδον
1489 1221 1850 1294 κακουργήσων
1886 1225 1969 1278 ἴοι.
2056 1217 2157 1277 ὧν·
2248 1235 2254 1282 i

328 1327 419 1374 περ
446 1304 538 1360 δύο
577 1310 654 1360 ἐπὶ
694 1313 992 1379 κατασκοπῇ
1033 1306 1435 1379 προτερήσαντες
1473 1311 1557 1361 καὶ
1602 1308 1743 1379 παρὰ
1779 1307 1935 1371 δόξαν
1960 1310 2011 1371 ἐς
2035 1309 2157 1371 τοὺς
2247 1374 2250 1380 1

328 1394 600 1457 πολεμίους
638 1391 1016 1461 ἐμπεπτωκότες
1053 1394 1142 1447 ’τὸν
1175 1391 1345 1447 πάντα
1386 1391 1537 1464 λόγον
1574 1393 1882 1463 ἐσήγγειλαν.
1969 1394 2048 1447 διὸ
2090 1394 2155 1462 δὴ
2240 1418 2254 1493 ¹

321 1473 567 1543 Ῥωμαῖοί
588 1501 640 1532 τε
672 1481 757 1532 καὶ
782 1482 956 1544 Λαζοὶ
982 1487 1088 1541 τοῖς
1107 1481 1287 1547 χιλίοις
1310 1480 1611 1543 ἐξαπιναίως
1637 1480 1918 1548 ἐπέστησαν
1931 1519 1948 1545 ,
1989 1478 2153 1541 οὗδείς
2171 1488 2223 1533 15

323 1582 378 1613 τε
403 1562 572 1616 αὐτῶν
601 1567 861 1636 διαφυγεῖν
887 1563 1028 1633 ἔσχεν
1041 1606 1058 1630 ,
1097 1564 1219 1618 ἀλλ’
1254 1565 1302 1618 οἵ
1322 1566 1416 1633 μὲν
1444 1567 1622 1618 πολλοὶ
1648 1561 2033 1636 διεφθάρησαν,
2078 1586 2156 1617 τι·
2232 1494 2254 1622 ἒ

324 1646 416 1707 νὰς
441 1649 494 1700 δὲ
535 1649 704 1703 αὐτῶν
740 1653 825 1702 καὶ
863 1647 1209 1720 ζωγρήσαντες
1245 1652 1298 1703 o‘c'
1327 1672 1380 1704 τε
1416 1649 1550 1722 ἀμφὶ
1582 1654 1634 1703 Γ
1630 1648 1854 1719 ουβάζην
1880 1653 1964 1703 καὶ
1992 1654 2156 1719 Δαγι-

323 1738 512 1786 σθαΐον
541 1733 599 1787 τό
627 1756 680 1789 τε
706 1736 892 1807 με’τρον
929 1742 1019 1788 τοῖ
1048 1734 1255 1804 ,Μήδων
1284 1741 1510 1806 στρατοῦ
1533 1738 1616 1788 καὶ
1640 1736 1700 1790 τὸ
1725 1742 1817 1804 τῆς
1842 1736 1965 1789 ὁδοῦ
1994 1741 2156 1803 μῆκος
2225 1775 2227 1810 3

149 1816 180 1858 Ρ
213 1818 295 1859 170
322 1824 513 1886 μαθεῖν
542 1820 786 1888 ἴσχυσαν,
833 1823 915 1874 καὶ
940 1820 1037 1889 ὅπη
1068 1823 1189 1874 ποτὲ
1218 1821 1394 1884 αὐτοῖς
1431 1821 1498 1874 τὰ
1526 1819 1757 1893 παρόντα
1786 1821 1906 1888 ἔχοι.
1993 1820 2154 1890 ἄραν-
2212 1879 2214 1882 ,

324 1924 404 1964 τες
447 1898 537 1956 οὖν
572 1909 723 1959 παντὶ
760 1912 833 1979 τῷ
874 1912 1079 1979 στρατῷ
1116 1906 1199 1959 ἐπ’
1252 1906 1443 1970 αὐτοὺς
1481 1905 1667 1977 ᾔεσαν,
1730 1902 2154 1976 διαριῧμοίμενοι

325 1987 461 2051 ὅπως
484 1987 658 2061 πόρρω
683 2015 779 2044 που
806 1997 910 2045 τῶν
933 1997 1127 2044 νυκτῶν
1149 1993 1427 2046 ἐπιπέσοιεν
1453 1994 1625 2063 σφίσι·
1687 1993 2072 2061 τετρακισχίλιοι
2099 1992 2155 2044 δὲ
2216 2029 2220 2035 ·

296 2124 297 2127 ,
323 2077 405 2127 καὶ
431 2072 603 2145 μύριοι
629 2071 776 2146 ἦσαν.
866 2077 913 2129 οἶ
939 2078 1030 2146 μὲν
1056 2071 1147 2130 οὖν
1173 2080 1374 2148 Πέρσαι
1401 2077 1641 2145 πολέμιον
1665 2076 1811 2130 οὐδὲν
1840 2077 1891 2129 ἐν
1914 2082 1983 2148 νῷ
2009 2075 2151 2144 ἴχον-

321 2181 403 2221 τες
428 2158 627 2230 μακρόν
651 2183 764 2215 τινα
802 2160 960 2215 ὕπνον
992 2161 1301 2216 ἐκάθευδον·
1345 2161 1436 2216 τόν
1471 2183 1526 2216 τε
1549 2162 1647 2232 γὰρ
1671 2161 1904 2229 ποταμὸν
1930 2160 2151 2232 ἀπόρευ-

321 2267 411 2298 τον
435 2246 595 2318 (ἕζοντο
620 2245 744 2300 εἶναι
768 2251 851 2300 καὶ
884 2247 1004 2310 τούς
1022 2249 1245 2317 χιλίους,
1291 2247 1498 2310 οὐδενὸς
1527 2250 1700 2319 σφίσιν
1722 2244 2146 2313 ὖπαντιοῖσαντος,

434 2398 474 2440 6.
499 2397 652 2453 χῶρον
681 2396 815 2439 AHm.
871 2395 1028 2453 χώραν
1055 2396 1148 2438 ΗΡ.

318 2521 415 2564 dam
445 2522 677 2566 faciebant.
737 2523 941 2567 Gubazes
979 2538 1030 2567 re
1068 2523 1288 2568 intellecta
1316 2522 1583 2580 Dagistheeo
1613 2522 1810 2576 mandat,
1853 2525 1903 2565 ut
1929 2521 2151 2579 suppetias

319 2593 369 2622 eo
387 2579 546 2625 weniat
587 2594 800 2638 propere,
841 2582 986 2624 oblata
1028 2581 1111 2624 iam
1140 2583 1348 2625 facultate
1388 2580 1571 2638 pessime
1599 2579 1836 2637 accipiendi
1865 2579 2015 2622 hostis.
2074 2580 2152 2622 llle
2213 2583 2249 2628 ἐς.

319 2635 434 2679 dicto
464 2635 664 2690 audiens,
696 2638 907 2681 Romanas
940 2652 1083 2681 omnes
1113 2640 1256 2696 copias
1280 2639 1492 2696 promovit
1520 2651 1608 2695 qua
1634 2643 1763 2694 parte
1789 2636 1940 2680 Phasis
1978 2636 2032 2679 ad
2062 2638 2151 2680 lae-
2211 2651 2249 2659 -’-

317 2706 413 2735 vam
442 2698 562 2735 erat:
595 2694 731 2737 donec
760 2696 898 2739 locum
928 2696 1099 2752 attigit,
1128 2697 1199 2739 cui
1228 2695 1543 2752 respondebant
1572 2695 1782 2738 Lazarum
1811 2699 1967 2747 castra,
1995 2694 2040 2738 in
2070 2694 2148 2736 ad·
2210 2719 2211 2722 =
2247 2702 2249 2708 ·

321 2763 449 2792 versa
478 2750 576 2806 ripa
615 2751 797 2794 fluminis
831 2753 1058 2797 collocata.
1115 2753 1181 2796 Ibi
1210 2753 1363 2796 Phasis
1403 2754 1559 2796 vadum
1586 2752 1796 2795 habebat:
1830 2751 1944 2808 quod
1972 2751 2147 2795 Romani

318 2805 440 2849 iuxta
469 2821 520 2851 ac
550 2807 711 2850 Persae
751 2809 939 2852 locorum
979 2811 1106 2853 inscii
1142 2810 1310 2854 minime
1347 2810 1689 2867 suspicabantur.
1746 2811 1806 2852 At
1842 2813 1989 2852 horum
2020 2808 2154 2864 periti
2201 2824 2205 2835 ”

318 2863 510 2919 apprime
541 2865 673 2916 Lazi,
702 2865 834 2908 fluvio
865 2867 1084 2910 confestim
1113 2868 1323 2920 transito,
1363 2881 1411 2911 se
1438 2867 1641 2911 Romanis
1670 2865 1917 2909 admiscent.
1973 2866 2148 2917 Persae,
2197 2871 2204 2878 '

317 2934 372 2963 ne
403 2921 495 2976 quis
527 2922 582 2962 ad
613 2930 758 2964 castra
787 2923 1007 2966 nociturus
1035 2924 1220 2976 subiret,
1257 2925 1509 2968 lectissimos
1546 2923 1660 2966 mille
1688 2922 1935 2965 emiserant:
1980 2937 2065 2978 quo
2095 2936 2147 2964 ex
2195 2939 2199 2970 ;
2245 2959 2247 2971 2

318 2991 494 3020 numero
525 2978 615 3020 bini
635 3010 646 3031 ,
688 2980 760 3035 qui
799 2981 968 3036 praevii
995 2982 1262 3038 exploratum
1288 2983 1432 3034 ibant,
1469 2981 1515 3023 in
1542 2980 1688 3022 hostes
1717 2993 1798 3022 nec
1826 2979 2001 3036 opinato
2031 2979 2150 3021 dela-
2200 2994 2205 3038 ss

318 3034 412 3091 psi,
444 3049 534 3076 rem
563 3050 724 3078 omnem
748 3037 1004 3080 indicarunt.
1066 3039 1179 3081 Tum
1202 3038 1401 3082 Romanis
1422 3036 1635 3092 Lazisque
1661 3035 1706 3078 in
1730 3036 1824 3079 illos
1855 3037 2010 3079 Persas
2035 3035 2147 3079 mille

319 3092 374 3134 de
399 3096 578 3147 repente
606 3093 790 3135 invectis
807 3125 819 3144 ,
850 3094 1040 3149 cfl'ugere
1069 3109 1189 3138 nemo
1219 3097 1388 3152 potuit3
1423 3094 1500 3137 sed
1529 3092 1746 3149 plerisque
1774 3093 1936 3146 caesis,
1966 3094 2146 3137 nonnul·

321 3149 384 3191 los
416 3150 623 3191 Gubazes
653 3156 697 3192 et
724 3150 1013 3205 Dagisthaeus
1042 3166 1197 3208 cepere
1223 3154 1379 3203 vivos,
1419 3165 1447 3194 a
1475 3151 1628 3207 quibus
1657 3149 1712 3192 de
1741 3149 1964 3193 Medorum
1994 3152 2037 3193 in
2069 3165 2148 3193 ex·
2200 3146 2231 3203 ’,

322 3205 458 3248 ercitu
486 3220 686 3258 numero,
713 3207 766 3249 de
795 3207 893 3250 viae
921 3207 1185 3262 longitudine
1202 3242 1213 3261 ‚
1245 3210 1300 3252 de
1326 3221 1465 3252 rerum
1495 3206 1613 3263 apud
1641 3205 1737 3249 illos
1765 3214 1883 3251 statu
1910 3208 2019 3251 facti
2047 3210 2146 3250 sunt
2193 3207 2234 3231 >··:·

323 3263 543 3306 certiores.
603 3264 723 3319 Ergo
767 3270 963 3317 movent,
1005 3271 1049 3306 et
1088 3280 1180 3307 cum
1219 3266 1409 3308 exercitu
1446 3264 1643 3308 universo
1682 3263 1726 3306 in
1763 3266 1909 3307 hostes
1947 3265 2144 3316 tendunt,
2214 3266 2218 3277 ”

323 3320 434 3363 viam
463 3321 528 3363 ita
557 3335 650 3362 cum
679 3328 870 3378 tempore
909 3322 1249 3372 commetientes‚
1287 3330 1335 3365 ut
1375 3337 1449 3365 eos
1487 3321 1618 3364 multa
1647 3321 1786 3365 adhuc
1813 3329 1940 3365 nocte
1968 3322 2145 3365 invade·
2198 3323 2199 3326 ’

320 3383 431 3420 rent.
487 3378 621 3420 Porro
651 3378 970 3434 quatuordecim
1011 3377 1139 3421 millia
1166 3394 1335 3422 numero
1375 3385 1510 3422 erant.
1569 3379 1736 3422 Interea
1774 3381 1936 3422 Persae
1962 3378 2143 3434 longiori
2211 3420 2215 3427 ,

322 3449 464 3479 sonmo
495 3435 798 3490 indulgebant,
828 3436 930 3478 nihil
962 3436 1116 3479 hostile
1145 3437 1423 3494 suspicantes.
1483 3437 1593 3480 Nam
1623 3443 1668 3479 et
1696 3436 2020 3493 insuperabilem
2049 3449 2142 3479 esse
2164 3439 2180 3447 “
2211 3460 2223 3501 '2
