2254 3814
357 162 478 220 396
684 198 687 199 ν
1108 163 1442 219 PROCOPII

355 325 462 374 φικι
498 303 667 358 τοίνυν
699 297 999 372 Βελισάριός
1022 324 1074 356 τε
1102 302 1256 372 ἤσθιε
1297 307 1380 357 καὶ
1408 304 1457 358 εἶ’
1475 326 1523 358 τι
1547 304 1600 357 ε’ν
1631 309 1704 377 τῷ
1732 302 2074 376 στρατεύματι
2098 305 2189 362 δό-

354 411 499 457 κιμον
525 383 603 456 ἦν.
693 385 929 455 τετύχηκε
959 389 1014 440 δὲ
1048 394 1111 459 τῇ
1154 391 1433 464 προτεραίᾳ
1473 395 1547 462 τῷ
1582 394 1634 442 Γ
1630 381 1815 461 ελίμερι
1850 393 2050 461 γεγονὸς
2076 392 2190 462 ἄρι-

353 495 474 527 στον
517 475 568 525 ἐν
604 478 898 543 παρασκευῇ
938 470 1079 528 εἶναι.
1169 476 1252 526 καὶ
1294 484 1406 536 ταῖς
1431 496 1483 528 τε
1516 472 1769 545 βρώσεων
1789 475 1969 538 αὐταῖς
1998 475 2188 530 εἱστιά-

164 572 208 615 Η
242 572 322 617 117
351 564 518 627 θημεν
544 555 578 627 ἥ
604 579 658 610 τε
679 562 772 610 τοῦ
808 561 859 609 Γ
856 559 1081 628 ελίμερος
1118 561 1372 630 θεραπεία
1401 562 1666 630 παρετίθει
1684 582 1738 614 τε
1768 564 1849 613 καὶ
1876 559 2079 634 ᾠνοχόει
2107 565 2190 615 καὶ

349 643 415 696 τοὶ
447 642 578 695 ἄλλα
602 640 857 711 ὖπούργει.
945 649 1113 714 παρῆν
1154 665 1208 696 τε
1246 646 1369 698 ι’δεΐν
1408 642 1752 714 ὥραῖζομὲνην
1790 645 1884 714 τὴν
1918 644 2077 714 τύχην
2102 650 2229 699 καὶὸ

167 733 204 775 Ρ
235 734 318 777 226
349 726 654 796 ποιουμένην
680 728 939 793 ἐπίδειξιν,
989 726 1058 790 ὥς
1084 726 1288 782 ἅπαντά
1314 751 1367 782 τε
1393 729 1554 798 αὐτῆς
1580 731 1653 799 εἴη
1679 733 1763 783 καὶ
1788 730 1934 784 οὐδὲν
1978 729 2189 801 ἀνθρώ-

346 835 426 885 πῳ
452 813 581 866 ἴδιον
601 812 810 882 γε’νοιτο.
898 815 1185 887 Βελισαρίῳ
1217 815 1272 867 δὲ
1300 815 1584 884 ξυνηνέχθη
1624 817 1782 886 ἐκείνῃ
1816 821 1879 886 τῇ
1916 813 2076 889 ἧμὲρᾳ
2105 816 2189 868 εὗ-

347 900 621 965 δοκιμῆσαι
648 895 718 959 ὥς
745 897 860 951 οὔτε
889 904 991 951 τῶν
1020 898 1152 952 καθ’
1183 897 1342 954 αὖτόν
1369 899 1535 954 οὐδενὶ
1569 898 1772 954 πώποτε
1799 900 1916 954 οὔτε
1949 923 2021 974 τῳ
2047 900 2187 974 ἄλλῳ

346 988 449 1036 τῶν
476 985 529 1035 ἐκ
557 988 777 1036 παλαιοῦ
802 981 1078 1053 γεγονότων
1098 982 1353 1054 τετύχηκε.
1410 991 1515 1039 τῶν
1535 985 1632 1056 γὰρ
1659 986 1723 1054 δὴ
1739 984 2002 1054 Ῥωμαίων
2027 1007 2188 1055 στρα-

346 1073 544 1122 τιωτῶν
590 1067 681 1122 οὐκ
714 1067 975 1123 εἰωθότων
1012 1067 1250 1140 θορύβου
1288 1073 1445 1141 χωρὶς
1483 1072 1534 1132 ἐς
1566 1068 1710 1124 πόλιν
1735 1068 1986 1139 κατήκοον
2014 1073 2186 1142 σφίσιν
2205 1081 2254 1124 10

348 1153 406 1207 οὐ
451 1153 466 1173 ³
513 1151 576 1206 ἂν
618 1154 749 1206 κατὰ
787 1157 1148 1216 πεντακοσίους
1185 1154 1353 1217 ἄλλως
1388 1177 1441 1208 τε
1472 1157 1556 1208 καὶ
1592 1154 1646 1208 ἔκ
1669 1161 1761 1209 τοῦ
1796 1154 2186 1227 ἀπροσδοκήτου

345 1238 471 1291 ἰέναι
488 1279 505 1304 ,
554 1237 688 1292 οὕτω
716 1239 779 1307 δὴ
806 1241 1049 1304 κοσμίους
1077 1239 1310 1301 ἅπαντας
1335 1237 1362 1294 ὅ
1388 1239 1674 1310 στρατηγὸς
1707 1233 1856 1302 οὗτος
1883 1241 2004 1302 τοὺς
2029 1241 2187 1311 ἀρχο-

344 1324 530 1390 μένους
561 1324 838 1393 παρέσχετο
878 1322 1007 1377 ὥστε
1033 1324 1153 1377 οὐδὲ
1174 1323 1324 1393 ὕβριν
1357 1324 1472 1379 τινὰ
1508 1323 1539 1393 ἢ
1570 1325 1778 1394 ἀπειλὴν
1812 1326 2050 1395 γενέσθαι
2061 1368 2077 1391 ,
2125 1326 2186 1379 οὗ

344 1408 446 1477 μὴν
470 1408 595 1461 οὐδέ
613 1431 661 1461 τι
696 1406 984 1476 ἐμπόδισμα
1021 1415 1085 1480 τῇ
1114 1409 1243 1462 κατὰ
1270 1409 1364 1479 τὴν
1402 1406 1548 1463 πόλιν
1574 1410 1784 1485 ἐργασίᾳ
1810 1411 2018 1479 ξυνέβη,
2065 1410 2184 1464 ἀλλ’

286 1503 323 1546 Β
354 1494 405 1546 ἓν
429 1490 625 1565 ἁλούσῃ
652 1490 793 1547 πόλει
829 1496 914 1547 καὶ
948 1496 1205 1548 πολιτείαν
1231 1493 1596 1567 μεταβαλούσῃ
1624 1499 1706 1549 καὶ
1740 1498 2003 1564 βασιλείαν
2023 1496 2182 1549 ἀλλα-
2203 1506 2254 1553 15

347 1579 536 1649 ξαμὲνῃ
576 1579 695 1632 οὐδὲ
729 1585 833 1633 τῶν
862 1579 962 1633 ἀπὸ
991 1586 1084 1648 τῆς
1108 1580 1301 1651 ἀγορᾶς
1324 1582 1508 1650 ξυνέβη
1534 1581 1672 1643 τινὸς
1698 1582 1790 1649 τὴν
1815 1583 1976 1635 οῗκίαν
2003 1581 2185 1635 ἀποκε-

347 1669 583 1717 κλεῖσθαι
595 1706 612 1731 ,
658 1664 778 1718 ἀλλ’
816 1666 864 1719 οἱ
888 1675 1202 1734 γραμματεῖς
1224 1665 1290 1718 τὰ
1308 1669 1539 1733 βιβλίδια
1564 1664 1854 1738 γράψαντες
1879 1669 2000 1729 τούς
2025 1688 2186 1737 στρα-

349 1746 566 1814 τιώτας,
612 1747 780 1820 ὥσπερ
810 1749 1010 1817 εἰώθει,
1056 1753 1108 1814 ἐς
1139 1751 1235 1812 τὰς
1273 1754 1434 1815 οἰκίας
1457 1749 1748 1822 εἷσήγαγον,
1787 1752 1942 1805 αὐτοί
1960 1774 2010 1805 τε
2036 1752 2184 1805 ὤνιον

345 1834 444 1887 ἀπὸ
471 1839 562 1902 τῆς
599 1834 788 1907 ἀγορᾶς
830 1836 888 1889 τὸ
925 1835 1134 1906 ἄριστον
1159 1834 1403 1904 λαβόντες
1441 1834 1510 1899 ὥς
1544 1835 1743 1912 ἑκάστῳ
1787 1831 1848 1905 ἦν
1889 1838 2186 1911 βουλομένῳ
2238 1893 2244 1898 ,

341 1916 612 1988 ἡσύχαζον.
2194 1918 2251 1979 w

514 2004 670 2058 Maza
707 2005 764 2058 δὲ
800 2002 1102 2077 Βελισάριος
1130 2008 1404 2069 Βανδίλοις
1437 2027 1492 2059 τε
1519 2013 1627 2068 τοῖς
1650 2006 1702 2069 ἐς
1725 2005 1790 2059 τὰ
1815 2005 1924 2077 ἱερὰ
1946 2029 2183 2078 καταφυ-

342 2094 491 2159 γοῦσι
526 2089 681 2143 πιστὰ
706 2088 875 2143 ἐδίδου
903 2093 986 2143 καὶ
1015 2097 1118 2145 τῶν
1143 2098 1318 2160 τειχῶν
1344 2093 1642 2159 ἐπεμελεῖτο.
1731 2085 1794 2160 ἦν
1827 2092 1925 2162 γὰρ
1968 2091 1994 2146 ὃ
2033 2096 2183 2162 Καρ-

339 2172 575 2244 χηδόνιος
622 2177 899 2247 περίβολος
927 2175 1064 2230 οὕτω
1096 2177 1159 2244 δὴ
1198 2177 1576 2247 ἀτημελημένος
1609 2175 1737 2231 ὥστε
1761 2177 1979 2244 ἐσβατός
2006 2179 2057 2231 ἒν
2074 2176 2182 2246 χιό-

455 2310 498 2352 8.
528 2305 636 2354 οὔτε
658 2335 716 2341 -
739 2308 877 2365 οὔτε]
909 2306 1020 2355 οὐδὲ
1038 2336 1094 2344 -
1119 2308 1231 2357 οὐδέ
1259 2313 1312 2356 Ρ.
1414 2314 1484 2357 11.
1515 2312 1623 2355 Post
1650 2314 1978 2364 πεντακοσίους
2006 2314 2181 2369 legeba-
2242 2335 2244 2338 ·

452 2374 524 2469 {tgr
551 2365 702 2481 ἓῖιῗιαι.ἰ
751 2372 871 2467 L12.
901 2369 1048 2425 ἰέναι]
1077 2368 1196 2415 ἱέναι
1217 2371 1268 2414 L.-
1386 2371 1457 2416 15.
1485 2372 1719 2415 πολιτείαν
1740 2371 1833 2416 Pm.
1892 2376 2102 2430 πολιτείᾳ
2126 2373 2176 2414 Ρ.

511 2458 520 2468 .
576 2442 597 2477 ς
657 2441 675 2470 ε
701 2441 723 2478 ς
790 2456 801 2467 .

340 2541 435 2584 dem
475 2539 699 2597 prandium
739 2543 994 2598 apparatum
1036 2540 1244 2585 Gelimeri
1285 2542 1456 2584 sueratz
1514 2540 1639 2585 nobis
1679 2555 1784 2584 vero
1828 2542 1990 2598 placuit
2027 2542 2177 2586 iisdem
2244 2547 2254 2582 -.·

339 2598 444 2654 ipsis
471 2600 653 2653 dapibus
683 2598 917 2642 convivari.
978 2599 1095 2650 Quin
1142 2606 1187 2641 et
1217 2599 1400 2642 ministri
1439 2597 1671 2642 Gelimeris
1699 2599 1864 2642 fercula
1892 2602 2179 2657 apponebant,

342 2655 624 2698 infundebant
656 2656 836 2712 pocula,
878 2661 924 2698 et
951 2654 996 2699 in
1026 2657 1220 2709 omnibus
1263 2656 1582 2700 deserviebant.
1640 2656 1727 2699 Hic
1757 2665 1876 2700 certe
1904 2659 2054 2700 videre
2083 2667 2180 2701 erat
2234 2661 2237 2666 ⁴

341 2713 596 2769 gloriantem
627 2713 891 2765 Fortunam,
936 2727 988 2755 ac
1029 2714 1277 2766 docentem,
1322 2727 1372 2757 se
1410 2727 1551 2757 rerum
1598 2726 1694 2756 esse
1733 2714 1912 2758 omnium
1950 2715 2176 2766 donuinam,

340 2770 546 2811 hominem
577 2770 682 2813 nihil
711 2771 795 2812 nisi
833 2771 1027 2827 precario
1058 2771 1296 2827 possidere.
1355 2771 1456 2822 Quo
1498 2770 1570 2813 die
1610 2770 1847 2814 Belisarius
1875 2771 2042 2814 laudem
2073 2786 2175 2815 con·
2227 2810 2229 2815 ⁴

341 2832 514 2868 secutus
546 2833 612 2869 est
639 2834 828 2879 tantam,
859 2835 910 2869 ut
938 2827 1118 2882 gloriam
1153 2843 1239 2871 non
1268 2842 1410 2871 eorum
1438 2827 1589 2880 modo,
1621 2827 1693 2884 qui
1723 2834 1810 2870 tum
1839 2829 2067 2881 vivebant,
2097 2829 2175 2871 sed

341 2890 532 2925 veterum
578 2884 704 2927 etiam
750 2885 1062 2943 obscuraverit.
1131 2885 1237 2927 Cum
1275 2887 1385 2928 enim
1428 2885 1632 2928 Romanis
1671 2884 1874 2928 militibus
1903 2887 2075 2928 solenne
2105 2886 2174 2939 sit,

340 2953 554 2994 nunquam
585 2942 676 2983 sine
705 2941 885 2983 tumultu
916 2944 1062 2984 urbem
1093 2941 1175 2985 sibi
1211 2943 1426 2986 subditam
1455 2941 1654 2997 ingredi,
1691 2942 1730 2985 si
1758 2942 1827 2983 vel
1857 2950 2018 2985 tantum
2049 2943 2175 2997 quin·
2227 2978 2231 2985 .

338 2997 459 3052 genti
489 2997 605 3048 sint,
650 3000 900 3054 praesertim
938 2999 1105 3055 quando
1149 3006 1215 3042 est
1253 2998 1464 3056 profectio
1495 2999 1732 3050 subitaria,
1774 2998 1847 3040 ille
1885 3012 1986 3041 suos
2030 3013 2174 3042 omnes

339 3054 404 3096 ita
434 3053 647 3096 continuit
675 3056 719 3097 in
750 3055 922 3106 officio,
964 3062 1013 3098 ut
1055 3071 1136 3099 nec
1177 3057 1482 3108 contumeliae,
1522 3069 1604 3097 nec
1641 3056 1779 3097 minae
1821 3068 1995 3111 usquam
2032 3056 2173 3099 iactae
2224 3100 2228 3102 a

339 3110 530 3162 fuerint,
573 3126 658 3155 non
697 3112 946 3166 impeditum
988 3113 1179 3155 clvitatis
1209 3113 1529 3163 commercium3
1558 3111 1636 3154 sed
1664 3111 1709 3152 in
1739 3111 1846 3153 urbe
1875 3120 2031 3168 capta,
2063 3128 2173 3169 quae
2227 3160 2231 3176 ,

342 3167 531 3224 regimen
561 3168 854 3223 dominumque
883 3173 1154 3220 mutaverat,
1186 3172 1392 3213 tabernae
1421 3183 1555 3224 usqne
1601 3174 1859 3224 patuerunt:
1900 3171 2069 3213 scribae
2099 3171 2174 3212 da-

340 3225 396 3266 tis
424 3224 578 3267 libellis
609 3225 916 3280 hospitalibus,
947 3225 990 3266 in
1021 3226 1164 3267 domos
1192 3241 1270 3283 pro
1300 3241 1416 3269 more
1446 3226 1702 3268 induxerunt
1730 3225 1914 3279 milites3
1952 3227 2004 3279 hi
2031 3242 2170 3270 coem-
2227 3274 2231 3282 Ι

340 3281 425 3337 ptis
443 3313 456 3335 ,
486 3295 596 3338 quae
625 3282 805 3338 quisque
832 3282 995 3333 voluit,
1027 3282 1228 3335 cibariis,
1261 3283 1474 3339 quievere.

452 3339 575 3390 Post,
605 3338 827 3390 Vandalis,
848 3337 929 3394 -qui
958 3338 1002 3380 in
1026 3339 1182 3394 templa
1212 3341 1509 3395 confugerant,
1539 3338 1666 3382 fidem
1695 3339 1908 3396 publicam
1935 3339 2168 3383 Belisarius

339 3394 486 3447 dedit,
523 3395 785 3453 animumque
815 3394 868 3437 ad
900 3395 1016 3437 urbis
1046 3410 1185 3438 muros
1213 3395 1513 3439 instaurandos
1541 3397 1726 3450 adiecit,
1757 3412 1851 3440 cum
1884 3398 1991 3440 adeo
2021 3399 2177 3452 negle-

340 3453 398 3494 cti
429 3452 632 3506 fuissent,
674 3463 722 3497 ut
750 3452 907 3511 passim
949 3452 1119 3509 pervii,
1158 3453 1321 3497 aditum
1359 3453 1499 3498 cuivis
1532 3454 1699 3498 facilem
1730 3455 1999 3512 praeberent.
2061 3455 2167 3498 Pars
