2254 3814
303 112 423 169 528
1039 112 1373 166 PROCOPII

302 253 460 327 φόνον
496 252 724 324 οἰόμενος
737 296 753 320 ,
793 253 853 307 τὸ
888 249 1147 324 βούλευμα
1170 256 1402 309 ἐπιτελεῖν
1426 256 1677 309 διενοεῖτο.
1712 295 1715 297 >
1763 254 1813 316 ἔς
1836 258 1886 307 Γ
1883 252 2113 326 ρηγόριον

299 337 391 397 οὖν
412 345 497 396 καὶ
522 341 821 410 Ἀρτασίρην
848 342 932 392 καὶ
961 338 1283 412 δορυφόρους
1311 339 1513 411 ἑτέρους
1536 348 1668 410 τρεῖς
1692 337 1751 392 τὸ
1777 345 1986 410 πρᾶγμα
2011 341 2114 403 ἕξε-

296 428 481 498 νεγκιὺν
503 426 624 486 τοὺς
647 425 739 491 μὲν
762 422 1085 495 δορυφόρους
1106 426 1196 489 ξὺν
1221 434 1326 488 τοΐς
1347 428 1538 496 ξίφεσιν
1562 425 1814 479 ἐκέλευσεν
1839 425 1957 478 εἴσω
1981 426 2118 494 γενέ-

118 522 155 563 Ρ
186 522 270 565 303
300 519 427 566 σθαι
444 529 466 562 ·.
503 507 806 580 (ἀρχόντων
839 510 936 580 γὰρ
976 508 1289 579 ἑστιωμένων
1331 510 1544 565 ὄπισθεν
1565 507 1775 563 ἑστάναι
1799 509 1923 571 τούς
1959 513 2115 581 δορυ-

293 595 486 668 φόρους
523 592 710 664 νόμος)
754 594 873 648 εἴσω
924 596 979 647 δὲ
1014 595 1310 664 γενομένους
1349 596 1580 666 ἐγχειρεῖν
1621 594 1770 666 ἄφνω
1791 635 1809 661 ,
1867 591 2017 664 ἡνίκα
2052 595 2156 648 ἃνό

293 684 436 751 σφίσι
463 682 588 751 δοκῇ
612 678 638 732 ὃ
665 679 839 750 καιρὸς
866 677 936 741 ὥς
953 678 1178 748 μάλιστα
1203 682 1494 750 ἐπιτηδείως
1517 679 1672 749 ἔχειν,
1718 676 1923 750 πρῶτόν
1947 702 2001 734 τε
2027 680 2118 734 τὸν

115 775 161 818 H
191 775 272 818 162
294 767 596 836 Ἀρτασίρην
631 763 778 834 ἔργου
810 765 1035 832 ἔχεσθαι.
1120 772 1193 840 τῷ
1229 768 1285 820 δὲ
1306 771 1358 819 Γ
1354 766 1572 839 ρηγορίῳ
1597 764 1855 819 ἐπέστελλε
1878 770 1980 819 τῶν
1996 764 2119 836 Ἀρ·-

292 853 476 921 μενίων
516 850 735 913 πολλοὺς
773 850 894 913 τοὺς
915 848 1139 919 μάλιστα
1163 850 1566 920 εὐτολμοτάτους
1597 849 1952 925 ἀπολεξαμένῳ
1983 852 2035 912 ἐς
2056 851 2116 904 τὸ

292 934 540 990 παλάτιον
569 936 932 1006 ἐπαγαγέσθαι,
979 937 1044 990 τὰ
1070 938 1189 1010 ξίφη
1211 935 1345 1005 μόνα
1374 937 1426 990 ἒν
1444 937 1588 1007 χερσὶ
1614 935 1892 1007 φέροντας·
1941 934 2117 1008 (ἄλλῳ
2253 1008 2254 1016 ¹

292 1023 388 1093 γὰρ
413 1022 578 1076 οὐδενὶ
600 1022 723 1084 τούς
749 1031 856 1084 τοΐς
884 1020 1126 1092 ἄρχουσιν
1152 1025 1204 1076 ἐν
1226 1021 1365 1076 πόλει
1393 1022 1665 1090 ἑπομένους
1701 1019 1998 1086 ὁπλίζεσθαι
2020 1022 2115 1074 θέ-
2134 1029 2186 1071 10
2243 1092 2254 1101 μ

291 1106 411 1181 μις)
441 1105 657 1170 τούτους
689 1128 742 1160 τε
777 1108 829 1160 ἐν
854 1112 927 1180 τῷ
967 1105 1219 1181 προστώῳ
1249 1104 1549 1161 ἀπολιπόντι
1569 1107 1689 1160 εἴσω
1712 1106 1801 1170 ’ξὺν
1824 1114 1931 1168 τοῖς
1958 1108 2117 1175 δορυ·
2253 1177 2254 1190 ³

293 1192 473 1265 φόροις
508 1193 773 1260 γενέσθαι,
831 1194 915 1244 καὶ
952 1192 1122 1246 αὗτῶν
1155 1193 1214 1246 τὸ
1261 1194 1354 1260 μὲν
1385 1189 1646 1260 βούλευμα
1680 1193 1858 1261 μηδενὶ
1893 1193 2115 1257 ἐξειπεῖν,
2253 1191 2254 1246 l

292 1285 508 1333 τοσοῦτο
530 1279 586 1331 δὲ
610 1280 759 1331 εἰπεῖν
779 1273 940 1343 μόνον
949 1318 966 1343 ,
1015 1275 1084 1341 ὥς
1107 1278 1157 1339 ἔς
1183 1277 1271 1332 τὸν
1294 1282 1346 1331 Γ
1342 1275 1558 1347 όνθαριν
1589 1273 1831 1339 ὖπόπτως
1856 1275 1958 1346 ἔχοι
1972 1318 1988 1342 ,
2036 1277 2118 1329 ἐπὶ
2253 1267 2254 1280 ³

227 1366 265 1407 Β
294 1370 501 1437 πονηρῷ
524 1368 596 1436 τῷ
620 1359 964 1433 Ἀρταβάνους
997 1363 1046 1425 ἐς
1069 1363 1163 1432 τὴν
1187 1364 1370 1433 θοίνην
1394 1362 1550 1417 αὐτὸν
1577 1362 1889 1431 κεκληκέναι·
1932 1359 2117 1429 βούλε-

291 1455 422 1503 σθαι
450 1449 618 1502 τοίνυν
646 1445 852 1501 ἑστάναι
875 1449 969 1515 μὲν
995 1447 1183 1511 αὗτοῦς
1207 1449 1348 1519 παρὰ
1371 1448 1492 1511 τοὺς
1515 1452 1565 1501 Γ
1560 1445 1841 1519 ονθάριδος
1861 1445 2112 1519 φύλακας,
2132 1465 2185 1507 15
2243 1471 2245 1475 ¹

292 1537 432 1606 οἵπερ
467 1535 698 1587 ἐνταῦθα
735 1533 816 1585 ἐπὶ
851 1538 1055 1606 φυλακῇ
1090 1532 1359 1603 ἐτετάχατο
1371 1575 1388 1601 ,
1446 1534 1569 1596 τούς
1609 1534 1664 1586 δὲ
1698 1535 1887 1599 παίζειν
1910 1530 2117 1602 δόκησίν

289 1642 405 1674 τινα
438 1617 814 1690 παρεχομένους
855 1624 959 1672 τῶν
994 1620 1086 1687 μὲν
1127 1619 1385 1686 ἀσπίδων,
1448 1618 1608 1690 ἅσπερ
1644 1619 1818 1673 ἐκεῖνοι
1854 1618 2112 1689 φέρουσιν,

288 1704 577 1770 ἅπτεσθαι,
638 1701 927 1766 πάλλοντας
963 1706 1019 1757 δὲ
1058 1704 1219 1768 αὐτὰς
1254 1707 1338 1759 καὶ
1369 1703 1539 1768 ἄλλως
1558 1709 1823 1767 κινοῦντας
1849 1703 1955 1758 ἅνω
1976 1701 2117 1757 κάτω

286 1793 337 1853 ἐς
365 1791 441 1844 ἀεὶ
468 1790 701 1861 στρέφειν
722 1807 734 1819 ·
780 1787 1017 1859 θορύβου
1060 1792 1116 1844 δὲ
1148 1789 1182 1860 ἢ
1219 1796 1441 1862 κραυγῆς
1468 1789 1611 1853 ἐντὸς
1633 1790 1901 1860 γενομένης
1923 1789 2116 1862 ἀραμέ-

284 1898 403 1939 νους
429 1877 522 1938 τοὶς
546 1876 766 1937 ἀσπίδας
790 1875 951 1937 αὐτὰς
976 1880 1192 1945 βοηθεῖν
1219 1874 1412 1950 δρόμῳ.
1488 1873 1810 1947 Ἀρταβάνης
1835 1877 1927 1943 μὲν
1950 1881 2186 1929 ταῦταὲο
2230 1885 2241 1948 ²1

285 1959 576 2031 ἐπήγγελλεν
589 2001 605 2025 ,
661 1958 687 2013 ὅ
728 1961 784 2012 δὲ
824 1964 875 2011 Γ
872 1957 1106 2031 ρηγόριος
1152 1962 1350 2029 ἐπιτελῆ
1389 1959 1558 2019 ἐποίει.
1663 1959 1691 2014 ὅ
1726 1981 1781 2014 τε
1817 1960 2117 2031 Ἀρτασίρης
2231 1950 2241 1982 ”’

115 2050 150 2093 V
179 2050 263 2095 432
292 2045 480 2102 ἐπενόει
512 2043 663 2101 τάδε·
709 2050 813 2099 τῶν
841 2049 1007 2113 βελῶν
1042 2067 1156 2100 τινα
1194 2045 1370 2100 διελὼν
1411 2048 1528 2115 δίχα
1566 2050 1640 2122 τῷ
1665 2051 1843 2122 καρπῷ
1873 2051 1966 2115 τῆς
1989 2045 2116 2100 εὕω-

400 2255 444 2298 8.
473 2249 520 2305 ἐς
546 2251 643 2309 τὰ]
683 2251 736 2297 τὸ
767 2266 849 2296 om.
878 2252 928 2295 L.
1076 2253 1145 2299 13.
1176 2250 1303 2309 ἔχοι]
1345 2252 1451 2311 ἔχον
1477 2253 1529 2297 L.
1674 2251 1743 2300 14.
1780 2254 1995 2313 πονηρῷ]
2023 2268 2112 2300 πο-

397 2307 525 2369 νήρφ
557 2311 608 2354 Ρ.
725 2312 794 2355 16.
824 2309 956 2368 οἵπερ
985 2309 1022 2352 L
1052 2314 1096 2353 et
1125 2311 1318 2356 Grotius.
1377 2310 1529 2370 ὥσπερ
1558 2310 1610 2357 Ρ.

287 2494 496 2552 quendum
534 2495 750 2539 consilium
780 2501 959 2540 mentem
986 2496 1167 2554 appulit.
1223 2497 1376 2554 Itaque
1416 2512 1466 2542 re
1494 2512 1587 2541 cum
1616 2497 1855 2554 Gregorio,
1904 2497 2113 2550 Artasire,

287 2553 510 2609 tribusque
540 2553 634 2595 aliis
664 2555 978 2610 protectoribus
1009 2554 1336 2606 communicata,
1376 2555 1694 2612 protectoribus
1723 2555 1960 2612 praecepit,
1991 2563 2039 2598 ut
2067 2557 2111 2598 in

287 2609 490 2652 conclave
528 2610 757 2654 introirent
794 2626 886 2655 cum
924 2612 1080 2667 gladiis
1119 2611 1420 2668 (epulantibus
1460 2612 1567 2656 enim
1607 2613 1890 2670 potestatibus
1920 2627 1946 2655 a
1983 2619 2111 2668 tergo

284 2672 552 2722 protectores
581 2675 724 2710 astare
752 2669 930 2724 solent),
959 2669 1141 2725 ingressi
1169 2675 1323 2721 autem,
1362 2684 1453 2712 cum
1483 2677 1651 2725 ternpus
1680 2670 1901 2713 videretur
1930 2683 2112 2714 commo-

285 2723 524 2776 dissimum,
569 2731 745 2780 repente
774 2725 943 2769 facinus
973 2726 1336 2783 aggrederentur,
1377 2727 1506 2770 dante
1532 2728 1696 2770 initium
1726 2726 1932 2770 Artasire.
1990 2727 2113 2770 Haec

285 2780 499 2835 Gregorio
530 2782 726 2824 mandata
756 2782 898 2826 dedit:
943 2783 1231 2826 Armeniorum
1262 2783 1432 2827 delectu
1461 2784 1634 2837 habito,
1664 2784 1843 2836 multos,
1873 2783 1946 2841 qui
1974 2784 2110 2827 animo

283 2843 567 2894 praestarent,
608 2838 652 2880 in
683 2839 883 2895 palatium
912 2840 1106 2892 duceret,
1136 2840 1242 2884 nihil
1270 2840 1404 2893 aliud,
1447 2841 1530 2884 nisi
1559 2841 1742 2898 gladios,
1771 2846 1992 2897 gestantes
2020 2855 2111 2883 ma-

282 2894 430 2937 nibus:
471 2896 645 2950 (neque
675 2897 782 2938 enim
818 2897 933 2940 aliud
962 2912 1172 2941 armorum
1212 2911 1346 2954 genus
1375 2898 1420 2940 in
1448 2900 1556 2942 urbe
1594 2900 1710 2941 ferre
1748 2902 2004 2955 potestatum
2035 2913 2110 2940 co-

280 2950 447 2994 mitatui
475 2951 614 3006 licet)
652 2951 736 2994 illis
766 2954 810 2996 in
838 2955 1049 2998 vestibulo
1079 2954 1265 3008 relictis,
1310 2955 1496 2998 intraret
1523 2955 1617 3013 ipse
1647 2954 2109 3012 cum'protectoribusz

282 3023 427 3051 eorum
457 3008 613 3050 nemini
641 3010 858 3053 consilium
900 3013 1189 3068 patefaceret,
1240 3017 1286 3054 at
1314 3026 1440 3066 unum*
1466 3012 1546 3056 hoc
1575 3012 1763 3064 diceret,
1810 3012 1950 3054 vereri
1979 3025 2027 3054 se
2055 3025 2111 3055 ne

281 3065 521 3108 Gontharis
551 3066 808 3109 Artabanem
838 3071 944 3110 malo
973 3069 1109 3111 animo
1137 3067 1389 3121 invitassem
1433 3069 1597 3113 idcirco
1626 3069 1737 3112 velle
1766 3072 1814 3110 ut
1843 3069 1956 3124 apud
1987 3069 2110 3111 Gon-

279 3123 461 3165 tharidis
499 3123 770 3165 excubitores
808 3125 990 3180 perinde
1027 3131 1218 3180 starent,
1265 3127 1392 3182 quasi
1430 3125 1516 3183 ipsi
1554 3126 1611 3168 ad
1649 3124 1881 3168 custodiam
1911 3125 2110 3168 collocati

278 3180 438 3222 ibidem
470 3185 639 3231 essent,
683 3186 771 3222 tum
802 3195 878 3235 per
907 3182 995 3224 ludi
1025 3182 1210 3239 speciem
1253 3182 1419 3226 illorum
1447 3185 1620 3239 clypeos
1651 3187 1881 3239 caperent,
1927 3188 1971 3225 et
2001 3196 2109 3238 qua-

279 3237 426 3280 tiendo
458 3237 746 3293 agitandoque
785 3251 949 3280 sursum
977 3239 1175 3282 deorsum
1212 3245 1436 3283 versarent
1463 3240 1658 3283 assidue:
1705 3241 1742 3282 si
1772 3239 1875 3296 quid
1903 3239 2109 3295 strepitus

279 3294 531 3336 clamorisve
573 3293 688 3336 intus
717 3295 983 3347 exoriretur,
1025 3295 1206 3352 arreptis
1245 3296 1406 3352 clypeis
1465 3296 1654 3340 subsidio
1693 3303 1928 3340 currerent.
1984 3297 2107 3339 Haec

280 3355 328 3392 ut
368 3350 704 3408 praescripserat
744 3353 1008 3404 Artabanes,
1057 3353 1121 3395 ita
1160 3353 1265 3395 fecit
1295 3353 1548 3409 Gregorius.
1606 3354 1729 3397 Istud
1759 3367 1861 3407 vero
1893 3353 2108 3395 Artasires

280 3407 557 3464 excogitavit.
615 3408 760 3452 Sectis
787 3409 983 3454 bifariam
1008 3409 1182 3466 sagittis
1210 3409 1398 3467 aliquot,
1440 3424 1584 3455 earum
1609 3417 1830 3469 segmenta
1858 3425 1987 3467 carpo
2017 3424 2108 3454 ma-
