2254 3814
311 145 432 202 360
1074 143 1408 197 PROCOPII

308 294 399 356 κης
428 286 593 356 χωρία
631 284 810 359 ᾤκουν.
902 284 1100 337 εἵποντο
1132 284 1189 337 δὲ
1215 283 1388 346 αὐτοῖς
1401 281 1641 355 Ἔρουλοι
1671 282 2014 354 τετρακόσιοι,
2064 282 2133 340 ων

313 370 495 442 Φάρας
527 366 676 440 ἦρχε,
725 371 808 421 καὶ
847 366 1104 437 ξύμμαχοι
1141 367 1401 439 βάρβαροι
1435 365 1684 433 ἑξακόσιοι
1709 367 1932 436 μάλιστα
1960 371 2013 422 ἐκ
2039 376 2133 424 ‘coi'

309 460 671 525 Μασσαγετῶν
696 451 911 519 ἔθνους,
959 451 1288 517 ἱπποτοξόται
1311 451 1495 516 πάντες
1513 472 1525 484 ·
1573 447 1643 507 ὧν
1671 454 1735 522 δὴ
1764 452 1978 523 ἡγοῦντο
2011 460 2133 509 Σιν-

306 543 424 595 νίων
450 561 503 593 τε
532 541 615 592 καὶ
639 537 844 604 Βάλας,
885 539 1122 610 ἀνδρείας
1146 561 1200 592 τε
1231 541 1316 593 καὶ
1344 538 1611 610 καρτερίας
1640 539 1690 601 ἒς
1731 539 1887 609 ἄκρον
1910 538 2131 606 ἥκοντες.

306 631 432 687 ναῦς
455 621 566 693 δὲῆ
598 621 839 692 ξύμπασα
866 624 1082 695 στρατιὰ
1122 625 1455 686 πεντακοσίας
1491 619 1610 694 ἦγε,
1655 629 1740 677 καὶ
1778 625 1945 678 αὐτῶν
1986 625 2173 680 οὐδε-5

126 723 165 763 V
195 721 278 766 364
305 712 398 777 μιά
430 707 633 777 πλέονῆ
664 708 796 762 κατὰ
820 707 1076 781 μυριάδας
1102 708 1246 763 πέντε
1268 711 1522 779 μεδίμνων
1549 707 1717 780 φέρειν
1748 712 1831 763 οἵα
1857 731 1910 762 τε
1938 701 1996 776 ἦν
2008 750 2025 775 ,
2072 709 2133 763 οὗ

303 795 404 863 μὴν
432 794 551 848 οὐδὲ
575 792 791 848 ἔλασσον
819 793 851 863 ἢ
880 796 1011 848 κατὰ
1035 798 1358 864 τρισχιλίους.
1447 799 1632 847 ναῦται
1658 795 1714 847 δὲ
1742 793 1996 864 δισμύριοι
2020 794 2134 847 ἔπε’-

240 891 278 932 C
308 886 458 933 πλεον
495 875 720 942 ἁπάσαις
732 921 749 945 ,
788 879 1068 950 Αἷγύπτιοί
1099 901 1152 933 τε
1185 883 1268 934 καὶ
1289 881 1460 942 Ἴωνες
1484 879 1533 932 οἱ
1557 885 1779 933 πλεῖστοι
1805 882 1888 932 καὶ
1911 881 2131 945 Κίλικες,

304 962 524 1036 ἀρχηγός
562 987 615 1017 τε
653 962 722 1028 εἷς
747 965 826 1016 ἐπὶ
847 976 960 1028 ταῖς
988 968 1168 1019 ναυσὶν
1194 964 1417 1028 ἁπάσαις
1440 962 1763 1033 Καλώνυμος
1781 965 2136 1035 Ἀλεξανδρεὺς

303 1051 645 1104 ἀποδέδεικτο.
733 1045 867 1119 ἦσαν
889 1052 944 1104 δὲ
965 1051 1139 1113 αὐτοῖς
1158 1054 1242 1105 καὶ
1267 1058 1420 1105 πλοῖα
1442 1049 1635 1119 μακρὰ,
1674 1047 1742 1111 ὥς
1771 1051 1821 1111 ἐς
1848 1052 2134 1118 ναυμαχίαν
2152 1059 2206 1100 10
2227 1111 2230 1115 .

304 1134 781 1207 παρεσκευασμένα,
843 1134 1140 1205 ἐνενήκοντα
1193 1133 1319 1202 δύο,
1374 1132 1570 1206 μονήρη
1606 1134 1780 1203 μέντοι
1813 1137 1897 1187 καὶ
1938 1135 2134 1206 ὀροφὰς

298 1220 525 1292 ὕπερθεν
557 1221 736 1290 ἔχοντα
754 1263 771 1286 ,
819 1220 957 1283 ὅπως
992 1221 1040 1274 οἳ
1079 1227 1244 1274 ταῦτα
1282 1221 1573 1292 ἐρέσσοντες
1606 1219 1736 1290 πρὸς
1757 1225 1860 1273 τῶν
1881 1222 2133 1287 πολεμίων

300 1304 372 1367 ὥς
395 1304 575 1373 ἥκιστα
602 1304 893 1374 βάλλοιντο.
985 1303 1257 1376 δρόμωνας
1283 1310 1495 1359 καλοῦσι
1516 1304 1584 1358 τὰ
1605 1309 1759 1358 πλοῖα
1783 1309 1948 1358 ταῦτα
1975 1305 2023 1358 οἳ
2045 1310 2136 1358 νῦν

299 1391 596 1460 ἅνθρωποι·
642 1396 782 1444 πλεῖν
808 1393 904 1462 γὰρ
934 1392 1066 1445 κατὰ
1094 1388 1250 1461 τάχος
1272 1387 1518 1445 δύνανται
1538 1387 1780 1458 μάλιστα.
1855 1390 1907 1443 ἐν
1935 1387 2138 1452 τούτοις

297 1476 362 1543 δὴ
390 1473 663 1541 ,Βυζάντιοι
686 1478 920 1546 δισχίλιοι
953 1476 1127 1530 ἔπλεον
1144 1519 1160 1543 ,
1208 1476 1472 1547 αὗτερὲται
1515 1472 1729 1537 πάντες·
1774 1475 2013 1546 περίνεως
2036 1475 2133 1547 γὰρ
2151 1485 2226 1547 15ἶ

298 1555 358 1628 ’ἦν
400 1561 452 1614 ἐν
486 1558 686 1624 τούτοις
711 1563 890 1625 οὐδείς.
982 1562 1237 1616 ἐστέλλετο
1266 1564 1321 1615 δὲ
1347 1563 1431 1614 καὶ
1450 1560 1748 1631 Ἀρχέλαος,
1796 1560 1926 1631 ἀνὴρ
1954 1562 2005 1622 ἐς
2032 1583 2135 1613 πα-
2215 1566 2245 1574 ”

298 1647 520 1715 τρικιόυς
554 1653 741 1714 τελῶν,
786 1648 886 1717 ἤδη
921 1649 1013 1716 μὲν
1047 1653 1141 1716 τῆς
1168 1648 1327 1716 αὐλῆς
1343 1645 1574 1718 ὕπαρχος
1602 1645 1655 1700 ἕν
1679 1667 1733 1699 τε
1760 1647 2026 1719 Βυζαντίῳ
2050 1648 2136 1699 καὶ

230 1733 270 1778 D
295 1730 557 1803 Ἰλλυριοῖς
592 1733 808 1804 γεγονώς
823 1775 839 1800 ,
885 1731 1001 1787 τότε
1029 1734 1085 1787 δὲ
1106 1739 1197 1787 τοῦ
1227 1731 1578 1804 στρατοπέδου
1608 1730 1868 1792 καταστὰς
1886 1729 2132 1801 ὕπαρχος.

297 1814 432 1871 οὕτω
457 1817 553 1888 γὰρ
581 1816 606 1869 ὃ
633 1824 725 1886 τῆς
753 1816 985 1887 δαπάνης
1006 1818 1226 1888 χορηγὸς
1249 1815 1562 1885 ὀνομάζεται.
1638 1816 1924 1888 στρατηγὸν
1950 1818 2006 1869 δὲ
2036 1816 2134 1868 αὖ-

294 1899 584 1973 τοκράτορα
609 1903 695 1975 ἐφ’
723 1903 884 1957 ἅπασι
909 1902 1212 1975 Βελισάριον
1237 1902 1479 1971 βασιλεὺς
1502 1900 1746 1968 ἔστελλεν,
1781 1900 1837 1962 ὃς
1861 1907 1966 1954 τῶν
1990 1899 2131 1974 ἑῴων
2143 1911 2203 1954 20

297 1980 456 2049 αὖθις
493 1984 788 2056 καταλόγων
823 1983 962 2058 ἦρχε.
1051 1987 1134 2042 καὶ
1161 1987 1301 2061 αὐτῷ
1329 1988 1506 2040 πολλοὶ
1527 1987 1620 2055 μὲν
1648 1983 1956 2058 δορυφόροι,
2004 1992 2134 2040 πολ-

295 2074 374 2124 λοὶ
401 2073 456 2125 δὲ
480 2069 794 2126 ὑπασπισταὶ
820 2076 1035 2140 εἵποντο,
1083 2074 1264 2144 ἄνδρες
1290 2094 1342 2126 τε
1372 2073 1563 2144 ἀγαθοὶ
1589 2072 1655 2125 τὰ
1678 2071 1895 2139 πολέμια
1918 2074 2000 2124 καὶ
2026 2077 2129 2126 τῶν

292 2158 408 2228 περὶ
431 2162 598 2211 ταῦτα
635 2156 881 2214 κινδύνων
905 2160 1126 2229 ἀτεχνῶς
1150 2159 1389 2231 ἔμπειροι.
1477 2153 1758 2230 γράμματά
1780 2178 1834 2211 τε
1860 2156 1999 2232 αὐτῷ
2026 2164 2129 2224 βα-

406 2322 451 2365 2.
479 2321 598 2378 τοῦ]
629 2321 768 2382 Vulgo
799 2323 905 2367 τῶν.
1020 2325 1063 2368 7.
1095 2320 1342 2378 ἐπέπλεον]
1370 2318 1580 2368 ἐνέπλεον
1608 2321 1700 2367 Pm.

290 2478 426 2518 erant.
483 2475 576 2518 Eos
608 2477 901 2533 sequebantur
930 2491 1003 2521 cu.
1035 2478 1182 2530 Eruli,
1213 2476 1322 2520 duce
1350 2477 1520 2521 Phara:
1572 2479 1617 2520 et
1645 2475 1751 2520 socii
1781 2476 1967 2520 Barbari
1996 2477 2130 2521 ferme

288 2547 358 2575 nc.
390 2531 690 2587 Massagetae,
736 2536 808 2590 qui
839 2541 964 2577 erant
993 2549 1135 2578 omnes
1165 2535 1332 2591 equites
1360 2533 1603 2590 sagittarii,
1650 2540 1696 2576 et
1724 2533 1916 2576 Sinnioni
1960 2548 2010 2576 ac
2039 2536 2130 2577 Ba-

288 2589 373 2642 lae,
402 2590 739 2643 generosissimis
769 2592 1097 2649 fortissimisque
1126 2593 1248 2642 viris,
1277 2593 1500 2650 parebant.
1562 2591 1711 2635 Naves
1740 2592 1995 2648 quingentas
2025 2606 2131 2646 age-

289 2647 365 2689 bat
394 2646 619 2688 universus
650 2649 890 2690 exercitus:
944 2664 1119 2706 quarum
1146 2649 1261 2691 nulla
1290 2649 1468 2705 amplius
1496 2661 1540 2692 1„
1577 2647 1826 2691 medimnum
1856 2647 1985 2690 millia
2013 2648 2130 2691 ferre

288 2707 491 2758 poterat,
533 2717 612 2745 nec
641 2705 777 2747 minus
806 2719 872 2748 111.
905 2719 953 2748 M·
1010 2707 1069 2749 Iis
1099 2706 1290 2749 omnibus
1319 2706 1587 2749 vehebantur
1617 2709 1773 2748 nautae
1800 2718 1872 2746 xx.
1903 2717 1951 2748 Μ.
1993 2706 2131 2747 maxi-

290 2774 398 2802 mam
428 2764 594 2814 partem
623 2763 842 2818 Aegyptii,
873 2763 1014 2815 Iones,
1055 2763 1316 2819 cilicesque,
1358 2763 1578 2820 praefecto
1608 2762 1735 2805 classi
1765 2762 1998 2815 Calonymo
2030 2763 2131 2805 Ale-

287 2816 516 2859 xandrino.
575 2817 747 2872 Longas
767 2833 899 2873 naves
922 2820 976 2862 ad
1006 2819 1261 2863 maritimum
1290 2819 1497 2876 praelium
1526 2819 1760 2862 instructas
1781 2818 1998 2860 habebant
2025 2832 2128 2861 xcn.

287 2886 399 2928 quae
426 2886 510 2915 uno
539 2887 747 2917 remorum
778 2877 925 2919 ordine
954 2878 1207 2931 agebantur,
1235 2877 1363 2919 tectis
1391 2877 1595 2928 munitae,
1625 2890 1680 2917 ne
1710 2877 1764 2918 ab
1793 2875 1916 2917 hoste
1944 2875 2129 2930 remiges

287 2930 389 2972 telis
418 2930 681 2985 figerentur:
732 2947 806 2975 eas
835 2948 945 2976 nunc
974 2936 1197 2977 dromones
1227 2933 1470 2985 nominant,
1513 2928 1625 2989 quod
1652 2933 1740 2974 sint
1769 2931 1823 2973 ad
1853 2945 2020 2973 cursum
2050 2946 2128 2974 ex-

286 2986 589 3043 peditissimae.
648 2988 699 3030 In
727 2989 779 3031 iis
808 2991 1069 3045 navigabant
1098 2991 1296 3047 Byzantii
1326 2991 1394 3033 bis
1423 2989 1559 3042 mille,
1588 2995 1633 3032 et
1661 2989 1828 3046 quidem
1857 2988 2028 3043 ipsimet
2055 3002 2127 3031 re-

286 3043 424 3098 miges
452 3043 508 3085 ad
539 3058 664 3087 unum
693 3060 860 3088 omne-se
903 3048 1060 3089 nullum
1091 3050 1226 3098 enim,
1257 3048 1328 3102 qui
1360 3047 1493 3089 solum
1523 3051 1673 3088 vector
1700 3049 1839 3096 esset,
1866 3045 1911 3087 in
1940 3059 2016 3087 suo
2045 3059 2128 3088 nu-

286 3114 403 3143 mero
433 3100 664 3143 habebant.
721 3104 956 3146 Archelaus
985 3118 1155 3160 quoque
1186 3103 1496 3160 profectionem
1525 3101 1816 3158 suscipiebat,
1877 3102 1945 3144 vir
1979 3101 2127 3145 Patri—

291 3157 409 3208 cius,
449 3172 499 3199 ac
528 3157 648 3214 prius
678 3159 846 3214 quidem
875 3161 1051 3202 functus
1093 3161 1375 3202 Praefectura
1403 3159 1618 3202 Praetorii
1646 3165 1735 3201 tum
1765 3158 1991 3214 Byzantii,
2036 3165 2125 3202 tum

286 3213 332 3255 in
354 3213 556 3269 Illyrico;
585 3221 687 3256 tunc
711 3222 852 3257 autem
875 3223 1047 3258 creatus
1069 3218 1288 3266 Quaestor
1316 3217 1561 3259 exercitum
1589 3215 1652 3257 sic
1679 3221 1858 3257 vocatur
1885 3221 2123 3271 sumptuum

286 3271 521 3326 praebitor.
582 3271 779 3328 Denique
808 3273 1056 3325 Belisarius,
1087 3274 1170 3315 iam
1198 3273 1351 3315 iterum
1381 3273 1594 3328 Magister
1625 3272 1798 3314 militum
1827 3272 2035 3322 Orientis,
2067 3273 2122 3315 ab

287 3329 484 3381 Augusto
517 3342 608 3371 cum
639 3343 794 3372 summo
824 3329 867 3371 in
899 3343 1043 3372 omnes
1072 3329 1249 3385 imperio
1279 3329 1543 3379 mittebatur,
1573 3329 1736 3384 ingenti
1766 3335 1913 3385 septus
1942 3328 2124 3371 comita-

286 3390 334 3425 tu
365 3385 627 3428 hastatorum
657 3392 1001 3442 scutatorumque
1030 3386 1288 3437 satellitum,
1331 3387 1406 3442 qui
1435 3386 1664 3429 bellatores
1691 3392 1815 3429 erant
1842 3385 2035 3441 egregii,
2077 3390 2124 3428 et

288 3454 499 3486 armorum
543 3443 744 3500 periculis
773 3445 948 3487 multum
986 3443 1181 3487 exerciti.
1238 3438 1469 3487 Caeterum
1498 3457 1577 3499 per
1605 3443 1753 3487 literas
1795 3448 2049 3500 potestatem
2079 3443 2123 3485 ei
