<?xml version="1.0" encoding="UTF-8"?>
<!DOCTYPE html PUBLIC "-//W3C//DTD XHTML 1.0 Transitional//EN"
    "http://www.w3.org/TR/xhtml1/DTD/xhtml1-transitional.dtd">
<html xmlns="http://www.w3.org/1999/xhtml" xml:lang="en" lang="en">
 <head>
  <title>
</title>
<meta http-equiv="Content-Type" content="text/html;charset=utf-8" />
  <meta name='ocr-system' content='tesseract 3.04.00' />
  <meta name='ocr-capabilities' content='ocr_page ocr_carea ocr_par ocr_line ocrx_word'/>
</head>
<body>
  <div class='ocr_page' id='page_1' title='image "./corpusscriptorum43niebuoft/corpusscriptorum43niebuoft_0066.png"; bbox 0 0 2184 3822; ppageno 0'>
   <div class='ocr_carea' id='block_1_1' title="bbox 239 214 1309 274">
    <p class='ocr_par' dir='ltr' id='par_1_1' title="bbox 239 214 1309 274">
     <span class='ocr_line' id='line_1_1' title="bbox 239 214 1309 274; baseline -0.001 0"><span class='ocrx_word' id='word_1_1' title='bbox 239 214 319 274; x_wconf 81' lang='grc'><em>44</em></span> <span class='ocrx_word' id='word_1_2' title='bbox 978 218 1309 273; x_wconf 89' lang='lat' dir='ltr'>PROCOPII</span> 
     </span>
    </p>
   </div>
   <div class='ocr_carea' id='block_1_2' title="bbox 91 351 2157 1112">
    <p class='ocr_par' dir='ltr' id='par_1_2' title="bbox 91 351 2157 1112">
     <span class='ocr_line' id='line_1_2' title="bbox 239 351 2043 434; baseline 0.001 -23"><span class='ocrx_word' id='word_1_3' title='bbox 239 359 415 412; x_wconf 65' lang='grc' dir='ltr'><em>ἐλπίδα</em></span> <span class='ocrx_word' id='word_1_4' title='bbox 441 358 614 426; x_wconf 75' lang='grc' dir='ltr'><em>λαβὼν</em></span> <span class='ocrx_word' id='word_1_5' title='bbox 642 351 766 430; x_wconf 43' lang='grc' dir='ltr'><em>παρὸ</em></span> <span class='ocrx_word' id='word_1_6' title='bbox 799 358 956 412; x_wconf 82' lang='grc' dir='ltr'><em>αὐτοῦ</em></span> <span class='ocrx_word' id='word_1_7' title='bbox 983 359 1075 429; x_wconf 70' lang='grc' dir='ltr'><em>εἴη.</em></span> <span class='ocrx_word' id='word_1_8' title='bbox 1162 357 1188 413; x_wconf 82' lang='grc' dir='ltr'>ὅ</span> <span class='ocrx_word' id='word_1_9' title='bbox 1229 361 1286 413; x_wconf 79' lang='grc' dir='ltr'><em>δὲ</em></span> <span class='ocrx_word' id='word_1_10' title='bbox 1307 359 1446 434; x_wconf 76' lang='grc' dir='ltr'><em>αὐτῷ</em></span> <span class='ocrx_word' id='word_1_11' title='bbox 1474 357 1674 412; x_wconf 79' lang='grc' dir='ltr'><em>ἅπαντα</em></span> <span class='ocrx_word' id='word_1_12' title='bbox 1715 356 1811 414; x_wconf 78' lang='grc' dir='ltr'><em>ὅσα</em></span> <span class='ocrx_word' id='word_1_13' title='bbox 1829 353 1892 431; x_wconf 80' lang='grc' dir='ltr'><em>ἦν</em></span> <span class='ocrx_word' id='word_1_14' title='bbox 1914 365 2043 426; x_wconf 79' lang='grc' dir='ltr'><em>βου-</em></span> 
     </span>
     <span class='ocr_line' id='line_1_3' title="bbox 235 441 2043 518; baseline -0.001 -22"><span class='ocrx_word' id='word_1_15' title='bbox 235 444 427 518; x_wconf 77' lang='grc' dir='ltr'><em>λομένῳ</em></span> <span class='ocrx_word' id='word_1_16' title='bbox 461 441 803 511; x_wconf 71' lang='grc' dir='ltr'><em>ὑποσχόμενος</em></span> <span class='ocrx_word' id='word_1_17' title='bbox 841 443 1049 497; x_wconf 67' lang='grc' dir='ltr'><em>ἔσεσθαι</em></span> <span class='ocrx_word' id='word_1_18' title='bbox 1079 443 1167 500; x_wconf 82' lang='grc' dir='ltr'><em>τὸν</em></span> <span class='ocrx_word' id='word_1_19' title='bbox 1202 444 1479 515; x_wconf 72' lang='grc' dir='ltr'><em>ἄνθρωπον</em></span> <span class='ocrx_word' id='word_1_20' title='bbox 1516 443 1868 512; x_wconf 71' lang='grc' dir='ltr'><em>ἀπεπέμψατο.</em></span> <span class='ocrx_word' id='word_1_21' title='bbox 1959 446 2043 496; x_wconf 81' lang='grc' dir='ltr'><em>καὶ</em></span> 
     </span>
     <span class='ocr_line' id='line_1_4' title="bbox 237 525 2042 604; baseline -0.001 -22"><span class='ocrx_word' id='word_1_22' title='bbox 237 528 292 591; x_wconf 80' lang='grc' dir='ltr'><em>ὃς</em></span> <span class='ocrx_word' id='word_1_23' title='bbox 318 526 381 582; x_wconf 81' lang='grc' dir='ltr'><em>τά</em></span> <span class='ocrx_word' id='word_1_24' title='bbox 406 550 459 581; x_wconf 86' lang='grc' dir='ltr'><em>τε</em></span> <span class='ocrx_word' id='word_1_25' title='bbox 484 525 659 595; x_wconf 79' lang='grc' dir='ltr'><em>ἱμάτια</em></span> <span class='ocrx_word' id='word_1_26' title='bbox 683 531 852 589; x_wconf 85' lang='grc' dir='ltr'><em>δεινῶς</em></span> <span class='ocrx_word' id='word_1_27' title='bbox 879 526 1152 599; x_wconf 76' lang='grc' dir='ltr'><em>διαρρήξας</em></span> <span class='ocrx_word' id='word_1_28' title='bbox 1181 532 1264 582; x_wconf 83' lang='grc' dir='ltr'><em>καὶ</em></span> <span class='ocrx_word' id='word_1_29' title='bbox 1305 529 1656 604; x_wconf 74' lang='grc' dir='ltr'><em>δεδακρυμένῳ</em></span> <span class='ocrx_word' id='word_1_30' title='bbox 1683 529 1855 590; x_wconf 71' lang='grc' dir='ltr'><em>ἐοικὼς</em></span> <span class='ocrx_word' id='word_1_31' title='bbox 1880 529 1929 588; x_wconf 75' lang='grc' dir='ltr'><em>ἐς</em></span> <span class='ocrx_word' id='word_1_32' title='bbox 1949 528 2042 596; x_wconf 80' lang='grc' dir='ltr'><em>τὴν</em></span> 
     </span>
     <span class='ocr_line' id='line_1_5' title="bbox 235 610 2146 684; baseline -0.001 -18"><span class='ocrx_word' id='word_1_33' title='bbox 235 611 379 668; x_wconf 83' lang='grc' dir='ltr'><em>πόλιν</em></span> <span class='ocrx_word' id='word_1_34' title='bbox 407 615 611 682; x_wconf 73' lang='grc' dir='ltr'><em>ἐσῆλθε.</em></span> <span class='ocrx_word' id='word_1_35' title='bbox 682 610 822 681; x_wconf 85' lang='grc' dir='ltr'><em>παρά</em></span> <span class='ocrx_word' id='word_1_36' title='bbox 847 633 900 665; x_wconf 90' lang='grc' dir='ltr'><em>τε</em></span> <span class='ocrx_word' id='word_1_37' title='bbox 928 613 1014 666; x_wconf 87' lang='grc' dir='ltr'><em>τὸν</em></span> <span class='ocrx_word' id='word_1_38' title='bbox 1036 617 1086 666; x_wconf 92' lang='grc' dir='ltr'><em>Γ</em></span> <span class='ocrx_word' id='word_1_39' title='bbox 1082 612 1246 683; x_wconf 81' lang='grc' dir='ltr'><em>λώνην</em></span> <span class='ocrx_word' id='word_1_40' title='bbox 1273 613 1409 683; x_wconf 75' lang='grc' dir='ltr'><em>ἥκων</em></span> <span class='ocrx_word' id='word_1_41' title='bbox 1434 611 1528 675; x_wconf 85' lang='grc' dir='ltr'><em>τάς</em></span> <span class='ocrx_word' id='word_1_42' title='bbox 1552 635 1604 666; x_wconf 91' lang='grc' dir='ltr'><em>τε</em></span> <span class='ocrx_word' id='word_1_43' title='bbox 1632 614 1811 684; x_wconf 79' lang='grc' dir='ltr'><em>τρίχας</em></span> <span class='ocrx_word' id='word_1_44' title='bbox 1840 615 2040 677; x_wconf 81' lang='grc' dir='ltr'><em>τίλλων,</em></span> <span class='ocrx_word' id='word_1_45' title='bbox 2126 624 2146 644; x_wconf 66' lang='grc'><em>“’</em></span> 
     </span>
     <span class='ocr_line' id='line_1_6' title="bbox 91 691 2157 770; baseline -0 -19"><span class='ocrx_word' id='word_1_46' title='bbox 91 709 127 751; x_wconf 90' lang='grc' dir='ltr'>Ρ</span> <span class='ocrx_word' id='word_1_47' title='bbox 155 710 211 753; x_wconf 68' lang='grc'><em>26</em></span> <span class='ocrx_word' id='word_1_48' title='bbox 240 694 575 765; x_wconf 76' lang='grc' dir='ltr'><em>,,Ἐτῦγχανον</em></span> <span class='ocrx_word' id='word_1_49' title='bbox 595 697 706 765; x_wconf 73' lang='grc' dir='ltr'><em>μὲν,</em></span> <span class='ocrx_word' id='word_1_50' title='bbox 742 691 782 750; x_wconf 81' lang='grc' dir='ltr'><strong><em>ὦ</em></strong></span> <span class='ocrx_word' id='word_1_51' title='bbox 806 698 1094 764; x_wconf 82' lang='grc' dir='ltr'><em>δέσποτα,“</em></span> <span class='ocrx_word' id='word_1_52' title='bbox 1135 697 1265 752; x_wconf 78' lang='grc' dir='ltr'><em>εἶπεν</em></span> <span class='ocrx_word' id='word_1_53' title='bbox 1294 695 1541 765; x_wconf 81' lang='grc' dir='ltr'><em>,,ἅπαντά</em></span> <span class='ocrx_word' id='word_1_54' title='bbox 1561 718 1642 750; x_wconf 91' lang='grc' dir='ltr'><em>σοι</em></span> <span class='ocrx_word' id='word_1_55' title='bbox 1666 697 1720 750; x_wconf 79' lang='grc' dir='ltr'><em>ἔκ</em></span> <span class='ocrx_word' id='word_1_56' title='bbox 1741 703 1832 751; x_wconf 82' lang='grc' dir='ltr'><em>τοῦ</em></span> <span class='ocrx_word' id='word_1_57' title='bbox 1853 698 2084 767; x_wconf 87' lang='grc' dir='ltr'><em>χωρίου5</em></span> <span class='ocrx_word' id='word_1_58' title='bbox 2113 737 2124 750; x_wconf 73' lang='lat'>.</span> <span class='ocrx_word' id='word_1_59' title='bbox 2155 767 2157 770; x_wconf 16' lang='grc' dir='ltr'>ι</span> 
     </span>
     <span class='ocr_line' id='line_1_7' title="bbox 233 780 2045 854; baseline 0 -20"><span class='ocrx_word' id='word_1_60' title='bbox 233 781 442 851; x_wconf 71' lang='grc' dir='ltr'><em>τάγαθὰ</em></span> <span class='ocrx_word' id='word_1_61' title='bbox 479 780 675 852; x_wconf 80' lang='grc' dir='ltr'><em>φέρων,</em></span> <span class='ocrx_word' id='word_1_62' title='bbox 721 780 1006 850; x_wconf 76' lang='grc' dir='ltr'><em>ἐντυχόντες</em></span> <span class='ocrx_word' id='word_1_63' title='bbox 1029 784 1085 836; x_wconf 78' lang='grc' dir='ltr'><em>δὲ</em></span> <span class='ocrx_word' id='word_1_64' title='bbox 1108 789 1415 854; x_wconf 84' lang='grc' dir='ltr'><em>στρατιῶται</em></span> <span class='ocrx_word' id='word_1_65' title='bbox 1429 780 1667 849; x_wconf 81' lang='grc' dir='ltr'><em>Ῥωμαῖοι</em></span> <span class='ocrx_word' id='word_1_66' title='bbox 1700 783 1803 854; x_wconf 83' lang='grc' dir='ltr'><em>(καὶ</em></span> <span class='ocrx_word' id='word_1_67' title='bbox 1823 780 1919 853; x_wconf 80' lang='grc' dir='ltr'><em>γάρ</em></span> <span class='ocrx_word' id='word_1_68' title='bbox 1947 803 2045 834; x_wconf 91' lang='grc' dir='ltr'><em>που</em></span> 
     </span>
     <span class='ocr_line' id='line_1_8' title="bbox 234 863 2047 939; baseline 0 -21"><span class='ocrx_word' id='word_1_69' title='bbox 234 868 284 927; x_wconf 75' lang='grc' dir='ltr'><em>ἐς</em></span> <span class='ocrx_word' id='word_1_70' title='bbox 310 866 374 918; x_wconf 77' lang='grc' dir='ltr'><em>τὰ</em></span> <span class='ocrx_word' id='word_1_71' title='bbox 400 863 561 937; x_wconf 78' lang='grc' dir='ltr'><em>ταύτῃ</em></span> <span class='ocrx_word' id='word_1_72' title='bbox 583 867 747 937; x_wconf 81' lang='grc' dir='ltr'><em>χωρία</em></span> <span class='ocrx_word' id='word_1_73' title='bbox 781 866 902 919; x_wconf 69' lang='grc' dir='ltr'><em>κατ’</em></span> <span class='ocrx_word' id='word_1_74' title='bbox 944 866 1138 937; x_wconf 79' lang='grc' dir='ltr'><em>ὃλίγους</em></span> <span class='ocrx_word' id='word_1_75' title='bbox 1164 865 1435 939; x_wconf 85' lang='grc' dir='ltr'><em>περιιόντες</em></span> <span class='ocrx_word' id='word_1_76' title='bbox 1475 866 1596 928; x_wconf 75' lang='grc' dir='ltr'><em>τούς</em></span> <span class='ocrx_word' id='word_1_77' title='bbox 1617 866 1847 936; x_wconf 75' lang='grc' dir='ltr'><em>οῗκτροῦς</em></span> <span class='ocrx_word' id='word_1_78' title='bbox 1872 866 2047 936; x_wconf 80' lang='grc' dir='ltr'><em>ἀγροί-</em></span> 
     </span>
     <span class='ocr_line' id='line_1_9' title="bbox 235 948 2047 1024; baseline -0.001 -21"><span class='ocrx_word' id='word_1_79' title='bbox 235 972 357 1012; x_wconf 84' lang='grc' dir='ltr'><em>κους</em></span> <span class='ocrx_word' id='word_1_80' title='bbox 393 948 675 1020; x_wconf 79' lang='grc' dir='ltr'><em>βιάζονται)</em></span> <span class='ocrx_word' id='word_1_81' title='bbox 714 949 906 1020; x_wconf 76' lang='grc' dir='ltr'><em>πληγάς</em></span> <span class='ocrx_word' id='word_1_82' title='bbox 943 953 1002 1005; x_wconf 86' lang='grc' dir='ltr'><em>τέ</em></span> <span class='ocrx_word' id='word_1_83' title='bbox 1027 974 1116 1020; x_wconf 85' lang='grc' dir='ltr'><em>μοι</em></span> <span class='ocrx_word' id='word_1_84' title='bbox 1156 953 1214 1006; x_wconf 82' lang='grc' dir='ltr'><em>οὗ</em></span> <span class='ocrx_word' id='word_1_85' title='bbox 1251 951 1482 1024; x_wconf 72' lang='grc' dir='ltr'><em>φορητάς</em></span> <span class='ocrx_word' id='word_1_86' title='bbox 1519 952 1926 1022; x_wconf 83' lang='grc' dir='ltr'><em>προσετρίψαντο</em></span> <span class='ocrx_word' id='word_1_87' title='bbox 1963 952 2047 1002; x_wconf 79' lang='grc' dir='ltr'><em>καὶ</em></span> 
     </span>
     <span class='ocr_line' id='line_1_10' title="bbox 233 1034 2048 1112; baseline -0.001 -24"><span class='ocrx_word' id='word_1_88' title='bbox 233 1034 402 1090; x_wconf 86' lang='grc' dir='ltr'><em>πάντα</em></span> <span class='ocrx_word' id='word_1_89' title='bbox 442 1034 739 1107; x_wconf 78' lang='grc' dir='ltr'><em>ἀφελόμενοι</em></span> <span class='ocrx_word' id='word_1_90' title='bbox 770 1036 819 1089; x_wconf 80' lang='grc' dir='ltr'><em>οἲ</em></span> <span class='ocrx_word' id='word_1_91' title='bbox 851 1039 1033 1107; x_wconf 81' lang='grc' dir='ltr'><em>λῃσταὶ</em></span> <span class='ocrx_word' id='word_1_92' title='bbox 1074 1036 1294 1112; x_wconf 76' lang='grc' dir='ltr'><em>ᾤχοντο,</em></span> <span class='ocrx_word' id='word_1_93' title='bbox 1362 1034 1438 1099; x_wconf 76' lang='grc' dir='ltr'><em>οἷς</em></span> <span class='ocrx_word' id='word_1_94' title='bbox 1481 1035 1544 1105; x_wconf 85' lang='grc' dir='ltr'><em>δὴ</em></span> <span class='ocrx_word' id='word_1_95' title='bbox 1586 1037 1640 1089; x_wconf 73' lang='grc' dir='ltr'><em>ἐκ</em></span> <span class='ocrx_word' id='word_1_96' title='bbox 1668 1039 1888 1089; x_wconf 80' lang='grc' dir='ltr'><em>παλαιοῦ</em></span> <span class='ocrx_word' id='word_1_97' title='bbox 1926 1035 2048 1096; x_wconf 75' lang='grc' dir='ltr'><em>τοὺς</em></span> 
     </span>
    </p>
   </div>
   <div class='ocr_carea' id='block_1_3' title="bbox 2157 0 2184 1227">
    <p class='ocr_par' dir='ltr' id='par_1_3' title="bbox 2157 0 2184 1227">
     <span class='ocr_line' id='line_1_11' title="bbox 2157 0 2184 1227; baseline 0 -613"><span class='ocrx_word' id='word_1_98' title='bbox 2157 0 2184 1227; x_wconf 95' lang='lat' dir='ltr'><em>     </em></span> 
     </span>
    </p>
   </div>
   <div class='ocr_carea' id='block_1_4' title="bbox 2129 829 2159 1131">
    <p class='ocr_par' dir='ltr' id='par_1_4' title="bbox 2132 829 2157 860">
     <span class='ocr_line' id='line_1_12' title="bbox 2132 829 2157 860; baseline 0 0"><span class='ocrx_word' id='word_1_99' title='bbox 2132 829 2157 860; x_wconf 57' lang='lat' dir='ltr'><em>fs</em></span> 
     </span>
    </p>

    <p class='ocr_par' dir='ltr' id='par_1_5' title="bbox 2129 1014 2159 1131">
     <span class='ocr_line' id='line_1_13' title="bbox 2129 1014 2157 1037; baseline 0.036 -5"><span class='ocrx_word' id='word_1_100' title='bbox 2129 1014 2157 1037; x_wconf 60' lang='grc' dir='ltr'><em>’,Ἀ</em></span> 
     </span>
     <span class='ocr_line' id='line_1_14' title="bbox 2140 1059 2159 1072; baseline 0 -8"><span class='ocrx_word' id='word_1_101' title='bbox 2140 1059 2159 1072; x_wconf 47' lang='lat'>5</span> 
     </span>
     <span class='ocr_line' id='line_1_15' title="bbox 2137 1112 2146 1131; baseline 0 0"><span class='ocrx_word' id='word_1_102' title='bbox 2137 1112 2146 1131; x_wconf 72' lang='lat'>0</span> 
     </span>
    </p>
   </div>
   <div class='ocr_carea' id='block_1_5' title="bbox 48 1110 2159 1700">
    <p class='ocr_par' dir='ltr' id='par_1_6' title="bbox 234 1110 2158 1288">
     <span class='ocr_line' id='line_1_16' title="bbox 234 1110 2158 1192; baseline -0.002 -16"><span class='ocrx_word' id='word_1_103' title='bbox 234 1121 443 1192; x_wconf 79' lang='grc' dir='ltr'><em>Πέρσας</em></span> <span class='ocrx_word' id='word_1_104' title='bbox 471 1142 525 1174; x_wconf 87' lang='grc' dir='ltr'><em>τε</em></span> <span class='ocrx_word' id='word_1_105' title='bbox 566 1121 776 1173; x_wconf 88' lang='grc' dir='ltr'><em>δεδιέναι</em></span> <span class='ocrx_word' id='word_1_106' title='bbox 806 1123 889 1174; x_wconf 85' lang='grc' dir='ltr'><em>καὶ</em></span> <span class='ocrx_word' id='word_1_107' title='bbox 928 1122 1049 1183; x_wconf 78' lang='grc' dir='ltr'><em>τοὺς</em></span> <span class='ocrx_word' id='word_1_108' title='bbox 1082 1123 1330 1192; x_wconf 75' lang='grc' dir='ltr'><em>γεωργοὺς</em></span> <span class='ocrx_word' id='word_1_109' title='bbox 1366 1115 1636 1190; x_wconf 77' lang='grc' dir='ltr'><em>βιάζεσθαι</em></span> <span class='ocrx_word' id='word_1_110' title='bbox 1669 1117 1838 1188; x_wconf 84' lang='grc' dir='ltr'><em>νόμος.</em></span> <span class='ocrx_word' id='word_1_111' title='bbox 1923 1118 2041 1171; x_wconf 79' lang='grc' dir='ltr'><em>ἀλλ’</em></span> <span class='ocrx_word' id='word_1_112' title='bbox 2060 1110 2158 1190; x_wconf 40' lang='lat' dir='ltr'><em>lois</em></span> 
     </span>
     <span class='ocr_line' id='line_1_17' title="bbox 235 1195 2157 1288; baseline -0.002 -29"><span class='ocrx_word' id='word_1_113' title='bbox 235 1204 399 1273; x_wconf 81' lang='grc' dir='ltr'><em>ὅπως,</em></span> <span class='ocrx_word' id='word_1_114' title='bbox 448 1199 488 1260; x_wconf 81' lang='grc' dir='ltr'><strong><em>ὦ</em></strong></span> <span class='ocrx_word' id='word_1_115' title='bbox 514 1205 753 1271; x_wconf 82' lang='grc' dir='ltr'><em>δέσποτα,</em></span> <span class='ocrx_word' id='word_1_116' title='bbox 798 1211 971 1280; x_wconf 78' lang='grc' dir='ltr'><em>σαυτῷ</em></span> <span class='ocrx_word' id='word_1_117' title='bbox 994 1228 1046 1259; x_wconf 89' lang='grc' dir='ltr'><em>τε</em></span> <span class='ocrx_word' id='word_1_118' title='bbox 1069 1210 1153 1260; x_wconf 82' lang='grc' dir='ltr'><em>καὶ</em></span> <span class='ocrx_word' id='word_1_119' title='bbox 1180 1205 1300 1276; x_wconf 75' lang='grc' dir='ltr'><em>ἡμῖν</em></span> <span class='ocrx_word' id='word_1_120' title='bbox 1326 1209 1408 1260; x_wconf 83' lang='grc' dir='ltr'><em>καὶ</em></span> <span class='ocrx_word' id='word_1_121' title='bbox 1435 1207 1662 1276; x_wconf 77' lang='grc' dir='ltr'><em>Πέρσαις</em></span> <span class='ocrx_word' id='word_1_122' title='bbox 1685 1201 1896 1276; x_wconf 77' lang='grc' dir='ltr'><em>ἀμύνῃς.</em></span> <span class='ocrx_word' id='word_1_123' title='bbox 1983 1201 2046 1271; x_wconf 81' lang='grc' dir='ltr'><em>ἢν</em></span> <span class='ocrx_word' id='word_1_124' title='bbox 2129 1195 2157 1288; x_wconf 61' lang='grc' dir='ltr'><em>Ξῖ</em></span> 
     </span>
    </p>

    <p class='ocr_par' dir='ltr' id='par_1_7' title="bbox 233 1282 2156 1362">
     <span class='ocr_line' id='line_1_18' title="bbox 233 1282 2156 1362; baseline -0.001 -20"><span class='ocrx_word' id='word_1_125' title='bbox 233 1290 330 1361; x_wconf 73' lang='grc' dir='ltr'><em>γὰρ</em></span> <span class='ocrx_word' id='word_1_126' title='bbox 364 1292 414 1352; x_wconf 78' lang='grc' dir='ltr'><em>ἐς</em></span> <span class='ocrx_word' id='word_1_127' title='bbox 439 1296 532 1359; x_wconf 85' lang='grc' dir='ltr'><em>τῆς</em></span> <span class='ocrx_word' id='word_1_128' title='bbox 556 1287 748 1352; x_wconf 83' lang='grc' dir='ltr'><em>πόλεως</em></span> <span class='ocrx_word' id='word_1_129' title='bbox 784 1290 850 1344; x_wconf 82' lang='grc' dir='ltr'><em>τὰ</em></span> <span class='ocrx_word' id='word_1_130' title='bbox 887 1289 1165 1362; x_wconf 81' lang='grc' dir='ltr'><em>προάστεια</em></span> <span class='ocrx_word' id='word_1_131' title='bbox 1192 1288 1538 1361; x_wconf 79' lang='grc' dir='ltr'><em>κυνηγετήσων</em></span> <span class='ocrx_word' id='word_1_132' title='bbox 1570 1290 1676 1361; x_wconf 53' lang='grc' dir='ltr'><em>ἶζης,</em></span> <span class='ocrx_word' id='word_1_133' title='bbox 1723 1285 1942 1360; x_wconf 77' lang='grc' dir='ltr'><em>θήραμά</em></span> <span class='ocrx_word' id='word_1_134' title='bbox 1965 1309 2047 1341; x_wconf 88' lang='grc' dir='ltr'><em>σοι</em></span> <span class='ocrx_word' id='word_1_135' title='bbox 2153 1282 2156 1287; x_wconf 49' lang='grc'>’</span> 
     </span>
    </p>

    <p class='ocr_par' dir='ltr' id='par_1_8' title="bbox 235 1371 2049 1530">
     <span class='ocr_line' id='line_1_19' title="bbox 235 1371 2047 1447; baseline -0.003 -18"><span class='ocrx_word' id='word_1_136' title='bbox 235 1375 295 1429; x_wconf 82' lang='grc' dir='ltr'><em>οὗ</em></span> <span class='ocrx_word' id='word_1_137' title='bbox 321 1380 517 1446; x_wconf 77' lang='grc' dir='ltr'><em>φαῦλον</em></span> <span class='ocrx_word' id='word_1_138' title='bbox 539 1374 694 1430; x_wconf 65' lang='grc' dir='ltr'><em>ἔσται.</em></span> <span class='ocrx_word' id='word_1_139' title='bbox 784 1375 914 1428; x_wconf 80' lang='grc' dir='ltr'><em>κατὰ</em></span> <span class='ocrx_word' id='word_1_140' title='bbox 950 1377 1094 1429; x_wconf 86' lang='grc' dir='ltr'><em>πέντε</em></span> <span class='ocrx_word' id='word_1_141' title='bbox 1119 1376 1216 1447; x_wconf 77' lang='grc' dir='ltr'><em>γὰρ</em></span> <span class='ocrx_word' id='word_1_142' title='bbox 1238 1375 1270 1445; x_wconf 79' lang='grc' dir='ltr'>ἢ</span> <span class='ocrx_word' id='word_1_143' title='bbox 1307 1376 1554 1445; x_wconf 87' lang='grc' dir='ltr'><em>τέτταρας</em></span> <span class='ocrx_word' id='word_1_144' title='bbox 1584 1375 1631 1428; x_wconf 81' lang='grc' dir='ltr'><em>οἳ</em></span> <span class='ocrx_word' id='word_1_145' title='bbox 1652 1371 1931 1443; x_wconf 81' lang='grc' dir='ltr'><em>κατάρατοι</em></span> <span class='ocrx_word' id='word_1_146' title='bbox 1958 1394 2047 1424; x_wconf 79' lang='grc' dir='ltr'><em>πε-</em></span> 
     </span>
     <span class='ocr_line' id='line_1_20' title="bbox 235 1454 2049 1530; baseline -0.002 -18"><span class='ocrx_word' id='word_1_147' title='bbox 235 1458 442 1530; x_wconf 87' lang='grc' dir='ltr'><em>ριιόντες</em></span> <span class='ocrx_word' id='word_1_148' title='bbox 464 1462 866 1513; x_wconf 83' lang='grc' dir='ltr'><em>λωποδυτοῦσιν.</em></span> <span class='ocrx_word' id='word_1_149' title='bbox 882 1466 919 1491; x_wconf 82' lang='lat'><em>“</em></span> <span class='ocrx_word' id='word_1_150' title='bbox 1006 1458 1031 1513; x_wconf 81' lang='grc' dir='ltr'><em>ὃ</em></span> <span class='ocrx_word' id='word_1_151' title='bbox 1053 1461 1146 1528; x_wconf 76' lang='grc' dir='ltr'><em>μὲν</em></span> <span class='ocrx_word' id='word_1_152' title='bbox 1166 1466 1331 1513; x_wconf 84' lang='grc' dir='ltr'><em>ταῦτα</em></span> <span class='ocrx_word' id='word_1_153' title='bbox 1356 1458 1504 1515; x_wconf 78' lang='grc' dir='ltr'><em>εἶπεν.</em></span> <span class='ocrx_word' id='word_1_154' title='bbox 1591 1459 1914 1519; x_wconf 74' lang='grc' dir='ltr'><em>ἀναπεισθεὶς</em></span> <span class='ocrx_word' id='word_1_155' title='bbox 1941 1458 1995 1510; x_wconf 75' lang='grc' dir='ltr'><em>δὲ</em></span> <span class='ocrx_word' id='word_1_156' title='bbox 2023 1454 2049 1509; x_wconf 81' lang='grc' dir='ltr'><em>ὃ</em></span> 
     </span>
    </p>

    <p class='ocr_par' dir='ltr' id='par_1_9' title="bbox 169 1541 2159 1620">
     <span class='ocr_line' id='line_1_21' title="bbox 169 1541 2159 1620; baseline 0.002 -25"><span class='ocrx_word' id='word_1_157' title='bbox 169 1553 206 1595; x_wconf 87' lang='grc' dir='ltr'>Β</span> <span class='ocrx_word' id='word_1_158' title='bbox 238 1549 284 1597; x_wconf 91' lang='grc' dir='ltr'><strong><em>Γ</em></strong></span> <span class='ocrx_word' id='word_1_159' title='bbox 283 1541 445 1614; x_wconf 82' lang='grc' dir='ltr'><em>λώνης</em></span> <span class='ocrx_word' id='word_1_160' title='bbox 485 1549 576 1598; x_wconf 83' lang='grc' dir='ltr'><em>τοῦ</em></span> <span class='ocrx_word' id='word_1_161' title='bbox 607 1542 890 1614; x_wconf 70' lang='grc' dir='ltr'><em>ἀνθρώπου</em></span> <span class='ocrx_word' id='word_1_162' title='bbox 936 1543 1313 1598; x_wconf 74' lang='grc' dir='ltr'><em>ἀνεπυνθάνετο</em></span> <span class='ocrx_word' id='word_1_163' title='bbox 1342 1542 1533 1606; x_wconf 88' lang='grc' dir='ltr'><em>πόσους</em></span> <span class='ocrx_word' id='word_1_164' title='bbox 1563 1544 1686 1596; x_wconf 79' lang='grc' dir='ltr'><em>ποτὲ</em></span> <span class='ocrx_word' id='word_1_165' title='bbox 1710 1543 1920 1613; x_wconf 85' lang='grc' dir='ltr'><em>Πέρσας</em></span> <span class='ocrx_word' id='word_1_166' title='bbox 1948 1542 2047 1595; x_wconf 77' lang='grc' dir='ltr'><em>οἷἐ-</em></span> <span class='ocrx_word' id='word_1_167' title='bbox 2065 1554 2119 1598; x_wconf 83' lang='grc'><em>15</em></span> <span class='ocrx_word' id='word_1_168' title='bbox 2131 1547 2159 1620; x_wconf 42' lang='lat'><em>‘⁴⁴22</em></span> 
     </span>
    </p>

    <p class='ocr_par' dir='ltr' id='par_1_10' title="bbox 48 1625 2049 1700">
     <span class='ocr_line' id='line_1_22' title="bbox 48 1625 2049 1700; baseline -0.001 -20"><span class='ocrx_word' id='word_1_169' title='bbox 48 1639 87 1680; x_wconf 88' lang='lat' dir='ltr'><strong>V</strong></span> <span class='ocrx_word' id='word_1_170' title='bbox 118 1636 202 1683; x_wconf 75' lang='lat'><em>240</em></span> <span class='ocrx_word' id='word_1_171' title='bbox 232 1631 321 1683; x_wconf 88' lang='grc' dir='ltr'><em>ταί</em></span> <span class='ocrx_word' id='word_1_172' title='bbox 340 1630 388 1683; x_wconf 82' lang='grc' dir='ltr'><em>οἳ</em></span> <span class='ocrx_word' id='word_1_173' title='bbox 418 1631 467 1691; x_wconf 77' lang='grc' dir='ltr'><em>ἐς</em></span> <span class='ocrx_word' id='word_1_174' title='bbox 495 1628 588 1698; x_wconf 86' lang='grc' dir='ltr'><em>τὴν</em></span> <span class='ocrx_word' id='word_1_175' title='bbox 613 1632 794 1700; x_wconf 79' lang='grc' dir='ltr'><em>πρᾶξιν</em></span> <span class='ocrx_word' id='word_1_176' title='bbox 821 1629 1022 1692; x_wconf 77' lang='grc' dir='ltr'><em>ἱκανοὺς</em></span> <span class='ocrx_word' id='word_1_177' title='bbox 1047 1629 1271 1684; x_wconf 68' lang='grc' dir='ltr'><em>ἔσεσθαι.</em></span> <span class='ocrx_word' id='word_1_178' title='bbox 1325 1627 1353 1684; x_wconf 82' lang='grc' dir='ltr'><em>ὅ</em></span> <span class='ocrx_word' id='word_1_179' title='bbox 1379 1630 1434 1683; x_wconf 74' lang='grc' dir='ltr'><em>δὲ</em></span> <span class='ocrx_word' id='word_1_180' title='bbox 1463 1626 1774 1698; x_wconf 78' lang='grc' dir='ltr'><em>πεντήκοντα</em></span> <span class='ocrx_word' id='word_1_181' title='bbox 1799 1628 1891 1696; x_wconf 80' lang='grc' dir='ltr'><em>μὲν</em></span> <span class='ocrx_word' id='word_1_182' title='bbox 1916 1625 2049 1679; x_wconf 78' lang='grc' dir='ltr'><em>ἀπο-</em></span> 
     </span>
    </p>
   </div>
   <div class='ocr_carea' id='block_1_6' title="bbox 336 1772 2158 2692">
    <p class='ocr_par' dir='ltr' id='par_1_11' title="bbox 336 1772 2158 2692">
     <span class='ocr_line' id='line_1_23' title="bbox 342 1772 2052 1852; baseline -0.002 -30"><span class='ocrx_word' id='word_1_183' title='bbox 342 1780 387 1822; x_wconf 87' lang='lat'><em>4.</em></span> <span class='ocrx_word' id='word_1_184' title='bbox 414 1776 576 1852; x_wconf 75' lang='grc' dir='ltr'><em>ἐσῇλθε</em></span> <span class='ocrx_word' id='word_1_185' title='bbox 605 1779 657 1822; x_wconf 90' lang='grc' dir='ltr'><em>Α.</em></span> <span class='ocrx_word' id='word_1_186' title='bbox 691 1779 886 1848; x_wconf 80' lang='grc' dir='ltr'><em>εἰσῆλθε</em></span> <span class='ocrx_word' id='word_1_187' title='bbox 913 1779 966 1823; x_wconf 90' lang='grc' dir='ltr'><em>Ρ.</em></span> <span class='ocrx_word' id='word_1_188' title='bbox 1080 1780 1121 1823; x_wconf 90' lang='grc'><em>6.</em></span> <span class='ocrx_word' id='word_1_189' title='bbox 1152 1777 1293 1832; x_wconf 86' lang='lat' dir='ltr'><strong>Libri,</strong></span> <span class='ocrx_word' id='word_1_190' title='bbox 1321 1773 1586 1832; x_wconf 74' lang='grc' dir='ltr'><em>ἐντυχόντες</em></span> <span class='ocrx_word' id='word_1_191' title='bbox 1613 1772 1665 1819; x_wconf 68' lang='grc' dir='ltr'><em>δὲ</em></span> <span class='ocrx_word' id='word_1_192' title='bbox 1692 1775 1805 1827; x_wconf 88' lang='grc' dir='ltr'><em>τους</em></span> <span class='ocrx_word' id='word_1_193' title='bbox 1837 1774 2052 1830; x_wconf 80' lang='grc' dir='ltr'><em>οἰκτρούς</em></span> 
     </span>
     <span class='ocr_line' id='line_1_24' title="bbox 341 1832 2048 1910; baseline -0.002 -29"><span class='ocrx_word' id='word_1_194' title='bbox 341 1833 585 1910; x_wconf 76' lang='grc' dir='ltr'><em>ἀγροίκους</em></span> <span class='ocrx_word' id='word_1_195' title='bbox 624 1834 889 1906; x_wconf 76' lang='grc' dir='ltr'><em>βιάζονται,</em></span> <span class='ocrx_word' id='word_1_196' title='bbox 931 1835 1106 1891; x_wconf 77' lang='grc' dir='ltr'><em>πληγάς</em></span> <span class='ocrx_word' id='word_1_197' title='bbox 1149 1835 1199 1880; x_wconf 86' lang='grc' dir='ltr'><em>τέ</em></span> <span class='ocrx_word' id='word_1_198' title='bbox 1211 1852 1318 1907; x_wconf 88' lang='grc' dir='ltr'><em>μοι</em></span> <span class='ocrx_word' id='word_1_199' title='bbox 1357 1849 1415 1879; x_wconf 86' lang='grc' dir='ltr'><em>ου</em></span> <span class='ocrx_word' id='word_1_200' title='bbox 1444 1832 1657 1904; x_wconf 76' lang='grc' dir='ltr'><em>φορητοὶς</em></span> <span class='ocrx_word' id='word_1_201' title='bbox 1682 1835 2048 1890; x_wconf 85' lang='grc' dir='ltr'><em>προσετρίψαντο</em></span> 
     </span>
     <span class='ocr_line' id='line_1_25' title="bbox 336 1889 2050 1961; baseline -0.002 -23"><span class='ocrx_word' id='word_1_202' title='bbox 336 1896 417 1938; x_wconf 75' lang='grc' dir='ltr'><em>καὶ</em></span> <span class='ocrx_word' id='word_1_203' title='bbox 444 1892 600 1937; x_wconf 79' lang='grc' dir='ltr'><em>πάντα</em></span> <span class='ocrx_word' id='word_1_204' title='bbox 629 1891 907 1949; x_wconf 77' lang='grc' dir='ltr'><em>ἀφελόμενοι</em></span> <span class='ocrx_word' id='word_1_205' title='bbox 935 1892 980 1936; x_wconf 78' lang='grc' dir='ltr'><em>οἱ</em></span> <span class='ocrx_word' id='word_1_206' title='bbox 1009 1893 1167 1951; x_wconf 78' lang='grc' dir='ltr'><em>λῃσταὶ</em></span> <span class='ocrx_word' id='word_1_207' title='bbox 1197 1889 1396 1961; x_wconf 75' lang='grc' dir='ltr'><em>ᾤχοντο,</em></span> <span class='ocrx_word' id='word_1_208' title='bbox 1439 1890 1509 1943; x_wconf 78' lang='grc' dir='ltr'><em>οἷς</em></span> <span class='ocrx_word' id='word_1_209' title='bbox 1538 1889 1596 1948; x_wconf 79' lang='grc' dir='ltr'><em>δὴ</em></span> <span class='ocrx_word' id='word_1_210' title='bbox 1628 1889 1676 1934; x_wconf 79' lang='grc' dir='ltr'><em>ἐκ</em></span> <span class='ocrx_word' id='word_1_211' title='bbox 1695 1893 1896 1935; x_wconf 81' lang='grc' dir='ltr'><em>παλαιοῦ</em></span> <span class='ocrx_word' id='word_1_212' title='bbox 1916 1906 2050 1946; x_wconf 87' lang='grc' dir='ltr'><em>στρα-</em></span> 
     </span>
     <span class='ocr_line' id='line_1_26' title="bbox 337 1936 2051 2026; baseline -0.002 -31"><span class='ocrx_word' id='word_1_213' title='bbox 337 1952 501 1995; x_wconf 81' lang='grc' dir='ltr'><em>τιῶται</em></span> <span class='ocrx_word' id='word_1_214' title='bbox 535 1949 747 2022; x_wconf 80' lang='grc' dir='ltr'><em>ρωμαῖοι</em></span> <span class='ocrx_word' id='word_1_215' title='bbox 804 1951 882 1994; x_wconf 77' lang='grc' dir='ltr'><em>καὶ</em></span> <span class='ocrx_word' id='word_1_216' title='bbox 922 1948 1008 2007; x_wconf 73' lang='grc' dir='ltr'><em>γάρ</em></span> <span class='ocrx_word' id='word_1_217' title='bbox 1050 1965 1146 1994; x_wconf 85' lang='grc' dir='ltr'><em>που</em></span> <span class='ocrx_word' id='word_1_218' title='bbox 1175 1936 1222 2001; x_wconf 75' lang='grc' dir='ltr'><em>ἐς</em></span> <span class='ocrx_word' id='word_1_219' title='bbox 1250 1948 1395 2026; x_wconf 62' lang='grc' dir='ltr'><em>ταύτῃ</em></span> <span class='ocrx_word' id='word_1_220' title='bbox 1420 1949 1565 2005; x_wconf 86' lang='grc' dir='ltr'><em>χωρία</em></span> <span class='ocrx_word' id='word_1_221' title='bbox 1592 1946 1692 1991; x_wconf 85' lang='grc' dir='ltr'><em>κατ’</em></span> <span class='ocrx_word' id='word_1_222' title='bbox 1721 1945 1901 2003; x_wconf 79' lang='grc' dir='ltr'><em>ὀλίγους</em></span> <span class='ocrx_word' id='word_1_223' title='bbox 1926 1964 2051 2018; x_wconf 61' lang='grc' dir='ltr'><em>περι-</em></span> 
     </span>
     <span class='ocr_line' id='line_1_27' title="bbox 339 2003 2050 2077; baseline -0.001 -25"><span class='ocrx_word' id='word_1_224' title='bbox 339 2006 495 2058; x_wconf 89' lang='grc' dir='ltr'><em>ιόντας</em></span> <span class='ocrx_word' id='word_1_225' title='bbox 533 2024 645 2060; x_wconf 83' lang='grc' dir='ltr'><em>τους</em></span> <span class='ocrx_word' id='word_1_226' title='bbox 683 2007 852 2062; x_wconf 77' lang='grc' dir='ltr'><em>πέρσας</em></span> <span class='ocrx_word' id='word_1_227' title='bbox 890 2023 938 2052; x_wconf 85' lang='grc' dir='ltr'><em>τε</em></span> <span class='ocrx_word' id='word_1_228' title='bbox 979 2006 1175 2052; x_wconf 85' lang='grc' dir='ltr'><em>δεδιέναι</em></span> <span class='ocrx_word' id='word_1_229' title='bbox 1203 2008 1282 2053; x_wconf 75' lang='grc' dir='ltr'><em>καὶ</em></span> <span class='ocrx_word' id='word_1_230' title='bbox 1312 2007 1424 2057; x_wconf 79' lang='grc' dir='ltr'><em>τούς</em></span> <span class='ocrx_word' id='word_1_231' title='bbox 1450 2003 1676 2074; x_wconf 76' lang='grc' dir='ltr'><em>’γεωργοὺς</em></span> <span class='ocrx_word' id='word_1_232' title='bbox 1704 2006 1942 2077; x_wconf 74' lang='grc' dir='ltr'><em>βιάζεσθαι</em></span> <span class='ocrx_word' id='word_1_233' title='bbox 1970 2003 2050 2050; x_wconf 88' lang='grc' dir='ltr'><em>νό-</em></span> 
     </span>
     <span class='ocr_line' id='line_1_28' title="bbox 337 2060 2051 2137; baseline -0.003 -27"><span class='ocrx_word' id='word_1_234' title='bbox 337 2082 438 2137; x_wconf 87' lang='grc' dir='ltr'><em>μος.</em></span> <span class='ocrx_word' id='word_1_235' title='bbox 498 2065 623 2116; x_wconf 84' lang='lat' dir='ltr'><strong>Quae</strong></span> <span class='ocrx_word' id='word_1_236' title='bbox 651 2065 880 2108; x_wconf 77' lang='lat' dir='ltr'><strong>Maltretus</strong></span> <span class='ocrx_word' id='word_1_237' title='bbox 909 2079 964 2107; x_wconf 82' lang='lat' dir='ltr'><em>ex</em></span> <span class='ocrx_word' id='word_1_238' title='bbox 993 2065 1241 2109; x_wconf 80' lang='lat' dir='ltr'><strong>coniectura</strong></span> <span class='ocrx_word' id='word_1_239' title='bbox 1268 2063 1474 2116; x_wconf 79' lang='lat' dir='ltr'><strong>mutavit,</strong></span> <span class='ocrx_word' id='word_1_240' title='bbox 1505 2060 1764 2131; x_wconf 81' lang='grc' dir='ltr'><em>ἐντυχόντες</em></span> <span class='ocrx_word' id='word_1_241' title='bbox 1797 2062 1847 2108; x_wconf 77' lang='grc' dir='ltr'><em>δὲ</em></span> <span class='ocrx_word' id='word_1_242' title='bbox 1877 2060 2051 2120; x_wconf 80' lang='grc' dir='ltr'><em>πληγας</em></span> 
     </span>
     <span class='ocr_line' id='line_1_29' title="bbox 336 2117 2051 2195; baseline -0.002 -28"><span class='ocrx_word' id='word_1_243' title='bbox 336 2123 386 2168; x_wconf 83' lang='grc' dir='ltr'><em>τέ</em></span> <span class='ocrx_word' id='word_1_244' title='bbox 413 2138 494 2177; x_wconf 91' lang='grc' dir='ltr'><em>μοι</em></span> <span class='ocrx_word' id='word_1_245' title='bbox 524 2138 580 2167; x_wconf 90' lang='grc' dir='ltr'><em>ου</em></span> <span class='ocrx_word' id='word_1_246' title='bbox 607 2139 823 2195; x_wconf 82' lang='grc' dir='ltr'><em>φορητας</em></span> <span class='ocrx_word' id='word_1_247' title='bbox 850 2124 1213 2193; x_wconf 85' lang='grc' dir='ltr'><em>προσετρίψαντο</em></span> <span class='ocrx_word' id='word_1_248' title='bbox 1241 2123 1319 2167; x_wconf 82' lang='grc' dir='ltr'><em>καὶ</em></span> <span class='ocrx_word' id='word_1_249' title='bbox 1347 2117 1499 2164; x_wconf 79' lang='grc' dir='ltr'><em>πάντα</em></span> <span class='ocrx_word' id='word_1_250' title='bbox 1527 2118 1801 2176; x_wconf 81' lang='grc' dir='ltr'><em>ἀφελόμενοι</em></span> <span class='ocrx_word' id='word_1_251' title='bbox 1826 2119 1870 2163; x_wconf 78' lang='grc' dir='ltr'><em>οὶ</em></span> <span class='ocrx_word' id='word_1_252' title='bbox 1892 2119 2051 2191; x_wconf 74' lang='grc' dir='ltr'><em>λῃσταὶ</em></span> 
     </span>
     <span class='ocr_line' id='line_1_30' title="bbox 341 2173 2051 2250; baseline -0.001 -26"><span class='ocrx_word' id='word_1_253' title='bbox 341 2179 540 2239; x_wconf 81' lang='grc' dir='ltr'><em>ὤχοντο,</em></span> <span class='ocrx_word' id='word_1_254' title='bbox 587 2177 649 2231; x_wconf 80' lang='grc' dir='ltr'><em>ὥς</em></span> <span class='ocrx_word' id='word_1_255' title='bbox 677 2179 735 2236; x_wconf 85' lang='grc' dir='ltr'><em>δὴ</em></span> <span class='ocrx_word' id='word_1_256' title='bbox 784 2180 918 2250; x_wconf 81' lang='lat' dir='ltr'><strong>(,‚i&#39;6.</strong></span> <span class='ocrx_word' id='word_1_257' title='bbox 947 2175 1010 2230; x_wconf 82' lang='grc' dir='ltr'><em>ὡς</em></span> <span class='ocrx_word' id='word_1_258' title='bbox 1038 2178 1096 2235; x_wconf 84' lang='grc' dir='ltr'><em>δη</em></span> <span class='ocrx_word' id='word_1_259' title='bbox 1111 2184 1141 2205; x_wconf 90' lang='grc'><strong>“</strong></span> <span class='ocrx_word' id='word_1_260' title='bbox 1169 2180 1302 2235; x_wconf 88' lang='lat' dir='ltr'><strong>Hm.)</strong></span> <span class='ocrx_word' id='word_1_261' title='bbox 1339 2179 1389 2224; x_wconf 78' lang='grc' dir='ltr'><em>ἐκ</em></span> <span class='ocrx_word' id='word_1_262' title='bbox 1415 2178 1622 2223; x_wconf 76' lang='grc' dir='ltr'><em>παλαιοῦ</em></span> <span class='ocrx_word' id='word_1_263' title='bbox 1622 2179 1919 2248; x_wconf 78' lang='grc' dir='ltr'><em>στρατιῶται</em></span> <span class='ocrx_word' id='word_1_264' title='bbox 1941 2173 2051 2223; x_wconf 86' lang='grc' dir='ltr'><em>Ῥω·-</em></span> 
     </span>
     <span class='ocr_line' id='line_1_31' title="bbox 339 2233 2050 2308; baseline -0.002 -27"><span class='ocrx_word' id='word_1_265' title='bbox 339 2243 473 2294; x_wconf 83' lang='grc' dir='ltr'><em>μαῖοι</em></span> <span class='ocrx_word' id='word_1_266' title='bbox 500 2253 611 2288; x_wconf 87' lang='grc' dir='ltr'><em>τους</em></span> <span class='ocrx_word' id='word_1_267' title='bbox 640 2235 854 2292; x_wconf 76' lang='grc' dir='ltr'><em>οἰκτροὺς</em></span> <span class='ocrx_word' id='word_1_268' title='bbox 881 2234 1123 2304; x_wconf 75' lang='grc' dir='ltr'><em>ἀγροίκους</em></span> <span class='ocrx_word' id='word_1_269' title='bbox 1152 2235 1404 2308; x_wconf 77' lang='grc' dir='ltr'><em>βιάζονται.</em></span> <span class='ocrx_word' id='word_1_270' title='bbox 1462 2236 1541 2280; x_wconf 81' lang='grc' dir='ltr'><em>καὶ</em></span> <span class='ocrx_word' id='word_1_271' title='bbox 1577 2233 1663 2293; x_wconf 77' lang='grc' dir='ltr'><em>γάρ</em></span> <span class='ocrx_word' id='word_1_272' title='bbox 1696 2251 1789 2279; x_wconf 84' lang='grc' dir='ltr'><em>που</em></span> <span class='ocrx_word' id='word_1_273' title='bbox 1828 2233 1874 2285; x_wconf 78' lang='grc' dir='ltr'><em>ἐς</em></span> <span class='ocrx_word' id='word_1_274' title='bbox 1901 2233 2050 2308; x_wconf 79' lang='grc' dir='ltr'><em>ταύτῃ</em></span> 
     </span>
     <span class='ocr_line' id='line_1_32' title="bbox 340 2291 2054 2365; baseline -0.001 -27"><span class='ocrx_word' id='word_1_275' title='bbox 340 2297 487 2352; x_wconf 82' lang='grc' dir='ltr'><em>χωρία</em></span> <span class='ocrx_word' id='word_1_276' title='bbox 527 2291 627 2339; x_wconf 83' lang='grc' dir='ltr'><em>κατ’</em></span> <span class='ocrx_word' id='word_1_277' title='bbox 661 2293 846 2365; x_wconf 78' lang='grc' dir='ltr'><em>ὀλίγους</em></span> <span class='ocrx_word' id='word_1_278' title='bbox 884 2293 1141 2363; x_wconf 84' lang='grc' dir='ltr'><em>περιιόντας</em></span> <span class='ocrx_word' id='word_1_279' title='bbox 1178 2310 1291 2345; x_wconf 82' lang='grc' dir='ltr'><em>τους</em></span> <span class='ocrx_word' id='word_1_280' title='bbox 1327 2293 1507 2350; x_wconf 78' lang='grc' dir='ltr'><em>Πέρσας</em></span> <span class='ocrx_word' id='word_1_281' title='bbox 1533 2308 1582 2338; x_wconf 72' lang='grc' dir='ltr'><em>τε</em></span> <span class='ocrx_word' id='word_1_282' title='bbox 1611 2292 1809 2338; x_wconf 79' lang='grc' dir='ltr'><em>δεδιέναι</em></span> <span class='ocrx_word' id='word_1_283' title='bbox 1835 2293 1912 2336; x_wconf 77' lang='grc' dir='ltr'><em>καὶ</em></span> <span class='ocrx_word' id='word_1_284' title='bbox 1939 2309 2054 2343; x_wconf 86' lang='grc' dir='ltr'><em>τους</em></span> 
     </span>
     <span class='ocr_line' id='line_1_33' title="bbox 341 2349 2051 2464; baseline -0.003 -11"><span class='ocrx_word' id='word_1_285' title='bbox 341 2351 565 2454; x_wconf 48' lang='lat' dir='ltr'><em>355⁹&amp;ssss</em></span> <span class='ocrx_word' id='word_1_286' title='bbox 593 2349 1056 2461; x_wconf 48' lang='grc' dir='ltr'><em>(ἷΐῗέῖῗαλενὲἕλὲὴε</em></span> <span class='ocrx_word' id='word_1_287' title='bbox 1067 2352 1162 2462; x_wconf 62' lang='grc' dir='ltr'><em>,Ῑῖζ-</em></span> <span class='ocrx_word' id='word_1_288' title='bbox 1183 2350 2051 2464; x_wconf 45' lang='lat' dir='ltr'><em>¹25?ss⁸:313&amp;{zss‘pffi‘ztz&#39;fefssxaz&#39;z‘g</em></span> 
     </span>
     <span class='ocr_line' id='line_1_34' title="bbox 341 2425 2158 2522; baseline -0.003 -12"><span class='ocrx_word' id='word_1_289' title='bbox 341 2468 533 2510; x_wconf 84' lang='lat' dir='ltr'><strong>incidens</strong></span> <span class='ocrx_word' id='word_1_290' title='bbox 572 2425 775 2522; x_wconf 62' lang='lat' dir='ltr'><strong>&#39;snaqm</strong></span> <span class='ocrx_word' id='word_1_291' title='bbox 753 2467 952 2521; x_wconf 86' lang='lat' dir='ltr'><strong>palantes</strong></span> <span class='ocrx_word' id='word_1_292' title='bbox 987 2480 1068 2521; x_wconf 85' lang='lat' dir='ltr'><em>per</em></span> <span class='ocrx_word' id='word_1_293' title='bbox 1108 2479 1240 2521; x_wconf 82' lang='lat' dir='ltr'><strong>agros</strong></span> <span class='ocrx_word' id='word_1_294' title='bbox 1279 2467 1536 2520; x_wconf 73' lang='lat' dir='ltr'><strong>excurrunt)</strong></span> <span class='ocrx_word' id='word_1_295' title='bbox 1582 2466 1731 2520; x_wconf 77' lang='lat' dir='ltr'><strong>plagis</strong></span> <span class='ocrx_word' id='word_1_296' title='bbox 1770 2465 2051 2507; x_wconf 72' lang='lat' dir='ltr'><strong><em>intolerandis</em></strong></span> <span class='ocrx_word' id='word_1_297' title='bbox 2126 2469 2158 2522; x_wconf 65' lang='lat'><em>‚⁴</em></span> 
     </span>
     <span class='ocr_line' id='line_1_35' title="bbox 344 2522 2049 2578; baseline -0.002 -12"><span class='ocrx_word' id='word_1_298' title='bbox 344 2539 437 2566; x_wconf 82' lang='lat' dir='ltr'><strong>sum</strong></span> <span class='ocrx_word' id='word_1_299' title='bbox 470 2525 525 2566; x_wconf 86' lang='lat' dir='ltr'><em>ab</em></span> <span class='ocrx_word' id='word_1_300' title='bbox 563 2526 624 2566; x_wconf 84' lang='lat' dir='ltr'><em>eis</em></span> <span class='ocrx_word' id='word_1_301' title='bbox 659 2525 836 2578; x_wconf 83' lang='lat' dir='ltr'><strong>petitus.</strong></span> <span class='ocrx_word' id='word_1_302' title='bbox 895 2525 1073 2578; x_wconf 79' lang='lat' dir='ltr'><strong>Insuper</strong></span> <span class='ocrx_word' id='word_1_303' title='bbox 1113 2524 1179 2565; x_wconf 81' lang='lat' dir='ltr'><strong>his</strong></span> <span class='ocrx_word' id='word_1_304' title='bbox 1219 2536 1329 2577; x_wconf 83' lang='lat' dir='ltr'><strong>quae</strong></span> <span class='ocrx_word' id='word_1_305' title='bbox 1361 2523 1560 2576; x_wconf 80' lang='lat' dir='ltr'><strong><em>ferebam</em></strong></span> <span class='ocrx_word' id='word_1_306' title='bbox 1598 2522 1790 2564; x_wconf 79' lang='lat' dir='ltr'><strong>omnibus</strong></span> <span class='ocrx_word' id='word_1_307' title='bbox 1829 2522 2049 2575; x_wconf 82' lang='lat' dir='ltr'><strong>spoliatus,</strong></span> 
     </span>
     <span class='ocr_line' id='line_1_36' title="bbox 344 2579 2051 2646; baseline -0.001 -24"><span class='ocrx_word' id='word_1_308' title='bbox 344 2583 412 2622; x_wconf 78' lang='lat' dir='ltr'><strong>uti</strong></span> <span class='ocrx_word' id='word_1_309' title='bbox 445 2581 684 2636; x_wconf 80' lang='lat' dir='ltr'><strong>praedones</strong></span> <span class='ocrx_word' id='word_1_310' title='bbox 721 2582 878 2631; x_wconf 80' lang='lat' dir='ltr'><strong><em>solent,</em></strong></span> <span class='ocrx_word' id='word_1_311' title='bbox 918 2593 1022 2635; x_wconf 83' lang='lat' dir='ltr'><strong>quos</strong></span> <span class='ocrx_word' id='word_1_312' title='bbox 1049 2593 1099 2621; x_wconf 72' lang='lat' dir='ltr'><em>ea:</em></span> <span class='ocrx_word' id='word_1_313' title='bbox 1127 2580 1319 2646; x_wconf 78' lang='lat' dir='ltr'><strong>antiqua</strong></span> <span class='ocrx_word' id='word_1_314' title='bbox 1344 2580 1442 2646; x_wconf 86' lang='lat' dir='ltr'><strong>lege</strong></span> <span class='ocrx_word' id='word_1_315' title='bbox 1470 2584 1513 2622; x_wconf 87' lang='lat' dir='ltr'><em>et</em></span> <span class='ocrx_word' id='word_1_316' title='bbox 1541 2579 1701 2621; x_wconf 80' lang='lat' dir='ltr'><strong><em>Persae</em></strong></span> <span class='ocrx_word' id='word_1_317' title='bbox 1726 2579 1878 2622; x_wconf 88' lang='lat' dir='ltr'><strong>timent</strong></span> <span class='ocrx_word' id='word_1_318' title='bbox 1904 2583 1948 2620; x_wconf 87' lang='lat' dir='ltr'><em>et</em></span> <span class='ocrx_word' id='word_1_319' title='bbox 1974 2592 2051 2621; x_wconf 83' lang='lat' dir='ltr'><strong>ru-</strong></span> 
     </span>
     <span class='ocr_line' id='line_1_37' title="bbox 343 2633 1966 2692; baseline -0.002 -13"><span class='ocrx_word' id='word_1_320' title='bbox 343 2638 440 2680; x_wconf 78' lang='lat' dir='ltr'><strong>stici</strong></span> <span class='ocrx_word' id='word_1_321' title='bbox 469 2638 556 2679; x_wconf 79' lang='lat' dir='ltr'><em>vim</em></span> <span class='ocrx_word' id='word_1_322' title='bbox 586 2651 637 2680; x_wconf 79' lang='lat' dir='ltr'><em>ex</em></span> <span class='ocrx_word' id='word_1_323' title='bbox 666 2637 727 2679; x_wconf 80' lang='lat' dir='ltr'><em>eis</em></span> <span class='ocrx_word' id='word_1_324' title='bbox 748 2637 992 2692; x_wconf 84' lang='lat' dir='ltr'><strong>patiuntur.</strong></span> <span class='ocrx_word' id='word_1_325' title='bbox 1049 2636 1183 2680; x_wconf 85' lang='lat' dir='ltr'><strong>Cuius</strong></span> <span class='ocrx_word' id='word_1_326' title='bbox 1211 2634 1395 2692; x_wconf 79' lang='lat' dir='ltr'><strong>vestigia</strong></span> <span class='ocrx_word' id='word_1_327' title='bbox 1420 2640 1592 2679; x_wconf 73' lang='lat' dir='ltr'><strong>secutus</strong></span> <span class='ocrx_word' id='word_1_328' title='bbox 1618 2635 1755 2679; x_wconf 89' lang='lat' dir='ltr'><strong>locum</strong></span> <span class='ocrx_word' id='word_1_329' title='bbox 1783 2633 1966 2678; x_wconf 82' lang='lat' dir='ltr'><strong>correxi.</strong></span> 
     </span>
    </p>
   </div>
   <div class='ocr_carea' id='block_1_7' title="bbox 225 2762 2158 3561">
    <p class='ocr_par' dir='ltr' id='par_1_12' title="bbox 225 2762 2158 3561">
     <span class='ocr_line' id='line_1_38' title="bbox 229 2762 2050 2824; baseline -0.001 -18"><span class='ocrx_word' id='word_1_330' title='bbox 229 2765 358 2807; x_wconf 77' lang='lat' dir='ltr'><strong>fieret</strong></span> <span class='ocrx_word' id='word_1_331' title='bbox 386 2763 468 2807; x_wconf 85' lang='lat' dir='ltr'><strong>sibi</strong></span> <span class='ocrx_word' id='word_1_332' title='bbox 497 2763 703 2806; x_wconf 79' lang='lat' dir='ltr'><em>mercedis</em></span> <span class='ocrx_word' id='word_1_333' title='bbox 732 2776 847 2820; x_wconf 84' lang='lat' dir='ltr'><strong>spes,</strong></span> <span class='ocrx_word' id='word_1_334' title='bbox 912 2763 989 2806; x_wconf 86' lang='lat' dir='ltr'><strong>Ille</strong></span> <span class='ocrx_word' id='word_1_335' title='bbox 1018 2763 1123 2806; x_wconf 87' lang='lat' dir='ltr'><strong>nihil</strong></span> <span class='ocrx_word' id='word_1_336' title='bbox 1150 2779 1234 2808; x_wconf 88' lang='lat' dir='ltr'><em>non</em></span> <span class='ocrx_word' id='word_1_337' title='bbox 1262 2763 1428 2824; x_wconf 81' lang='lat' dir='ltr'><strong>prolixe</strong></span> <span class='ocrx_word' id='word_1_338' title='bbox 1454 2762 1697 2820; x_wconf 80' lang='lat' dir='ltr'><strong>pollicitus,</strong></span> <span class='ocrx_word' id='word_1_339' title='bbox 1739 2762 1946 2807; x_wconf 88' lang='lat' dir='ltr'><strong>hominem</strong></span> <span class='ocrx_word' id='word_1_340' title='bbox 1974 2776 2050 2805; x_wconf 89' lang='lat' dir='ltr'><em>re-</em></span> 
     </span>
     <span class='ocr_line' id='line_1_39' title="bbox 228 2819 2145 2887; baseline -0.002 -24"><span class='ocrx_word' id='word_1_341' title='bbox 228 2821 369 2864; x_wconf 81' lang='lat' dir='ltr'><strong>misit.</strong></span> <span class='ocrx_word' id='word_1_342' title='bbox 404 2820 478 2877; x_wconf 86' lang='lat' dir='ltr'><em>qui</em></span> <span class='ocrx_word' id='word_1_343' title='bbox 503 2821 586 2863; x_wconf 86' lang='lat' dir='ltr'><strong>sibi</strong></span> <span class='ocrx_word' id='word_1_344' title='bbox 614 2822 710 2877; x_wconf 86' lang='lat' dir='ltr'><strong>ipse</strong></span> <span class='ocrx_word' id='word_1_345' title='bbox 738 2819 938 2863; x_wconf 75' lang='lat' dir='ltr'><strong>laceratis</strong></span> <span class='ocrx_word' id='word_1_346' title='bbox 969 2820 1223 2875; x_wconf 81' lang='lat' dir='ltr'><strong>indignum·</strong></span> <span class='ocrx_word' id='word_1_347' title='bbox 1211 2837 1256 2865; x_wconf 85' lang='grc' dir='ltr'><em>ιιι</em></span> <span class='ocrx_word' id='word_1_348' title='bbox 1284 2822 1452 2864; x_wconf 87' lang='lat' dir='ltr'><strong>modum</strong></span> <span class='ocrx_word' id='word_1_349' title='bbox 1477 2821 1667 2864; x_wconf 86' lang='lat' dir='ltr'><strong>vestibus</strong></span> <span class='ocrx_word' id='word_1_350' title='bbox 1694 2835 1745 2862; x_wconf 81' lang='lat' dir='ltr'><em>ac</em></span> <span class='ocrx_word' id='word_1_351' title='bbox 1773 2819 1958 2887; x_wconf 81' lang='lat' dir='ltr'><strong>ploranti</strong></span> <span class='ocrx_word' id='word_1_352' title='bbox 1987 2819 2050 2862; x_wconf 72' lang='lat' dir='ltr'><strong>ai·</strong></span> <span class='ocrx_word' id='word_1_353' title='bbox 2139 2853 2145 2859; x_wconf 75' lang='lat'><em>.</em></span> 
     </span>
     <span class='ocr_line' id='line_1_40' title="bbox 229 2870 2157 2933; baseline -0.001 -13"><span class='ocrx_word' id='word_1_354' title='bbox 229 2877 337 2920; x_wconf 87' lang='lat' dir='ltr'><strong>milis</strong></span> <span class='ocrx_word' id='word_1_355' title='bbox 375 2880 520 2922; x_wconf 88' lang='lat' dir='ltr'><strong>urbem</strong></span> <span class='ocrx_word' id='word_1_356' title='bbox 557 2878 797 2933; x_wconf 82' lang='lat' dir='ltr'><strong>ingressus,</strong></span> <span class='ocrx_word' id='word_1_357' title='bbox 838 2879 894 2920; x_wconf 86' lang='lat' dir='ltr'><em>ad</em></span> <span class='ocrx_word' id='word_1_358' title='bbox 934 2878 1113 2920; x_wconf 89' lang='lat' dir='ltr'><strong>Glonem</strong></span> <span class='ocrx_word' id='word_1_359' title='bbox 1157 2878 1291 2930; x_wconf 83' lang='lat' dir='ltr'><strong>adiit;</strong></span> <span class='ocrx_word' id='word_1_360' title='bbox 1332 2884 1418 2921; x_wconf 89' lang='lat' dir='ltr'><strong>tum</strong></span> <span class='ocrx_word' id='word_1_361' title='bbox 1459 2891 1599 2920; x_wconf 83' lang='lat' dir='ltr'><strong>coram</strong></span> <span class='ocrx_word' id='word_1_362' title='bbox 1629 2876 1804 2933; x_wconf 82' lang='lat' dir='ltr'><strong>capillos</strong></span> <span class='ocrx_word' id='word_1_363' title='bbox 1833 2877 2051 2929; x_wconf 80' lang='lat' dir='ltr'><strong>vellicans,</strong></span> <span class='ocrx_word' id='word_1_364' title='bbox 2119 2870 2157 2928; x_wconf 69' lang='grc' dir='ltr'><em>ἶ,</em></span> 
     </span>
     <span class='ocr_line' id='line_1_41' title="bbox 228 2909 2158 3004; baseline -0.001 -28"><span class='ocrx_word' id='word_1_365' title='bbox 228 2935 272 2976; x_wconf 85' lang='grc' dir='ltr'><strong>Ε</strong></span> <span class='ocrx_word' id='word_1_366' title='bbox 300 2935 417 2986; x_wconf 81' lang='lat' dir='ltr'><strong>vico,</strong></span> <span class='ocrx_word' id='word_1_367' title='bbox 445 2935 608 2990; x_wconf 79' lang='lat' dir='ltr'><strong>inquit,</strong></span> <span class='ocrx_word' id='word_1_368' title='bbox 604 2909 870 2990; x_wconf 58' lang='lat' dir='ltr'><strong>”afferebam</strong></span> <span class='ocrx_word' id='word_1_369' title='bbox 898 2935 1005 2986; x_wconf 77' lang='lat' dir='ltr'><em>huc,</em></span> <span class='ocrx_word' id='word_1_370' title='bbox 1037 2935 1236 2988; x_wconf 81' lang='lat' dir='ltr'><strong>Domine,</strong></span> <span class='ocrx_word' id='word_1_371' title='bbox 1276 2934 1485 3004; x_wconf 76' lang='lat' dir='ltr'><strong>quidquid</strong></span> <span class='ocrx_word' id='word_1_372' title='bbox 1507 2935 1572 2976; x_wconf 83' lang='lat' dir='ltr'><em>rei</em></span> <span class='ocrx_word' id='word_1_373' title='bbox 1598 2935 1785 2975; x_wconf 81' lang='lat' dir='ltr'><em>cibariae</em></span> <span class='ocrx_word' id='word_1_374' title='bbox 1813 2935 2049 2976; x_wconf 76' lang='lat' dir='ltr'><strong>habebam</strong></span> <span class='ocrx_word' id='word_1_375' title='bbox 2132 2939 2158 2947; x_wconf 75' lang='grc'>’</span> 
     </span>
     <span class='ocr_line' id='line_1_42' title="bbox 226 2990 2049 3044; baseline -0.001 -11"><span class='ocrx_word' id='word_1_376' title='bbox 226 2992 360 3034; x_wconf 84' lang='lat' dir='ltr'><strong>incidi</strong></span> <span class='ocrx_word' id='word_1_377' title='bbox 387 2993 433 3032; x_wconf 89' lang='lat' dir='ltr'><em>in</em></span> <span class='ocrx_word' id='word_1_378' title='bbox 462 2993 675 3043; x_wconf 85' lang='lat' dir='ltr'><strong>latrones,</strong></span> <span class='ocrx_word' id='word_1_379' title='bbox 706 2993 861 3034; x_wconf 78' lang='lat' dir='ltr'><strong>milites</strong></span> <span class='ocrx_word' id='word_1_380' title='bbox 890 2991 981 3033; x_wconf 86' lang='lat' dir='ltr'><strong>dico</strong></span> <span class='ocrx_word' id='word_1_381' title='bbox 1013 2990 1251 3035; x_wconf 80' lang='lat' dir='ltr'><strong>Romanos.-</strong></span> <span class='ocrx_word' id='word_1_382' title='bbox 1278 2994 1389 3035; x_wconf 81' lang='lat' dir='ltr'><strong>hane</strong></span> <span class='ocrx_word' id='word_1_383' title='bbox 1416 2991 1527 3034; x_wconf 86' lang='lat' dir='ltr'><strong>enim</strong></span> <span class='ocrx_word' id='word_1_384' title='bbox 1556 2997 1695 3033; x_wconf 87' lang='lat' dir='ltr'><strong>artem</strong></span> <span class='ocrx_word' id='word_1_385' title='bbox 1723 2992 1889 3032; x_wconf 83' lang='lat' dir='ltr'><strong>iamdiu</strong></span> <span class='ocrx_word' id='word_1_386' title='bbox 1909 2990 2049 3044; x_wconf 87' lang='lat' dir='ltr'><strong>facti·-</strong></span> 
     </span>
     <span class='ocr_line' id='line_1_43' title="bbox 227 3048 2050 3104; baseline -0.002 -13"><span class='ocrx_word' id='word_1_387' title='bbox 227 3054 352 3100; x_wconf 85' lang='lat' dir='ltr'><strong>tant‚</strong></span> <span class='ocrx_word' id='word_1_388' title='bbox 394 3049 440 3090; x_wconf 86' lang='lat' dir='ltr'><em>in</em></span> <span class='ocrx_word' id='word_1_389' title='bbox 466 3048 641 3090; x_wconf 83' lang='lat' dir='ltr'><strong>miseros</strong></span> <span class='ocrx_word' id='word_1_390' title='bbox 667 3050 846 3091; x_wconf 81' lang='lat' dir='ltr'><strong>rusticos</strong></span> <span class='ocrx_word' id='word_1_391' title='bbox 873 3049 1116 3091; x_wconf 77' lang='lat' dir='ltr'><strong>involando.</strong></span> <span class='ocrx_word' id='word_1_392' title='bbox 1174 3050 1288 3092; x_wconf 77' lang='lat' dir='ltr'><strong>Mihi</strong></span> <span class='ocrx_word' id='word_1_393' title='bbox 1322 3063 1421 3092; x_wconf 83' lang='lat' dir='ltr'><strong>vero</strong></span> <span class='ocrx_word' id='word_1_394' title='bbox 1446 3050 1607 3104; x_wconf 84' lang='lat' dir='ltr'><strong>plagas</strong></span> <span class='ocrx_word' id='word_1_395' title='bbox 1633 3049 1869 3102; x_wconf 82' lang='lat' dir='ltr'><strong>imposuere</strong></span> <span class='ocrx_word' id='word_1_396' title='bbox 1893 3048 2050 3089; x_wconf 84' lang='lat' dir='ltr'><strong>intole-</strong></span> 
     </span>
     <span class='ocr_line' id='line_1_44' title="bbox 227 3082 2047 3173; baseline -0.002 -26"><span class='ocrx_word' id='word_1_397' title='bbox 227 3082 405 3156; x_wconf 80' lang='lat' dir='ltr'><strong>rabiles‘‚</strong></span> <span class='ocrx_word' id='word_1_398' title='bbox 437 3111 479 3147; x_wconf 91' lang='lat' dir='ltr'><em>et</em></span> <span class='ocrx_word' id='word_1_399' title='bbox 509 3106 712 3154; x_wconf 83' lang='lat' dir='ltr'><strong>omnibus,</strong></span> <span class='ocrx_word' id='word_1_400' title='bbox 741 3121 850 3161; x_wconf 82' lang='lat' dir='ltr'><strong>quae</strong></span> <span class='ocrx_word' id='word_1_401' title='bbox 876 3107 1120 3160; x_wconf 87' lang='lat' dir='ltr'><strong>portabam,</strong></span> <span class='ocrx_word' id='word_1_402' title='bbox 1151 3108 1306 3161; x_wconf 82' lang='lat' dir='ltr'><strong>ereptis</strong></span> <span class='ocrx_word' id='word_1_403' title='bbox 1333 3109 1612 3173; x_wconf 60' lang='lat' dir='ltr'><strong>aufugerant.</strong></span> <span class='ocrx_word' id='word_1_404' title='bbox 1674 3105 1745 3146; x_wconf 85' lang='lat' dir='ltr'><strong>Sic</strong></span> <span class='ocrx_word' id='word_1_405' title='bbox 1772 3117 1924 3158; x_wconf 85' lang='lat' dir='ltr'><strong>nempe</strong></span> <span class='ocrx_word' id='word_1_406' title='bbox 1950 3117 2047 3144; x_wconf 85' lang='lat' dir='ltr'><strong>ma-</strong></span> 
     </span>
     <span class='ocr_line' id='line_1_45' title="bbox 225 3161 2049 3218; baseline -0.002 -14"><span class='ocrx_word' id='word_1_407' title='bbox 225 3162 455 3217; x_wconf 84' lang='lat' dir='ltr'><strong>nipulatim</strong></span> <span class='ocrx_word' id='word_1_408' title='bbox 484 3163 636 3215; x_wconf 84' lang='lat' dir='ltr'><strong>divisi,</strong></span> <span class='ocrx_word' id='word_1_409' title='bbox 673 3163 958 3205; x_wconf 81' lang='lat' dir='ltr'><strong>circumiectos</strong></span> <span class='ocrx_word' id='word_1_410' title='bbox 987 3164 1082 3204; x_wconf 81' lang='lat' dir='ltr'><strong>urbi</strong></span> <span class='ocrx_word' id='word_1_411' title='bbox 1110 3177 1240 3218; x_wconf 83' lang='lat' dir='ltr'><strong>agros</strong></span> <span class='ocrx_word' id='word_1_412' title='bbox 1269 3164 1410 3214; x_wconf 80' lang='lat' dir='ltr'><strong>obire,</strong></span> <span class='ocrx_word' id='word_1_413' title='bbox 1439 3168 1482 3205; x_wconf 90' lang='lat' dir='ltr'><em>et</em></span> <span class='ocrx_word' id='word_1_414' title='bbox 1509 3163 1619 3213; x_wconf 83' lang='lat' dir='ltr'><strong>vim,</strong></span> <span class='ocrx_word' id='word_1_415' title='bbox 1659 3175 1788 3216; x_wconf 84' lang='lat' dir='ltr'><strong>quam</strong></span> <span class='ocrx_word' id='word_1_416' title='bbox 1817 3162 1862 3202; x_wconf 87' lang='lat' dir='ltr'><em>in</em></span> <span class='ocrx_word' id='word_1_417' title='bbox 1897 3161 2049 3202; x_wconf 82' lang='lat' dir='ltr'><strong>Persas</strong></span> 
     </span>
     <span class='ocr_line' id='line_1_46' title="bbox 226 3217 2048 3275; baseline -0.001 -15"><span class='ocrx_word' id='word_1_418' title='bbox 226 3233 313 3260; x_wconf 86' lang='lat' dir='ltr'><em>non</em></span> <span class='ocrx_word' id='word_1_419' title='bbox 353 3219 515 3261; x_wconf 85' lang='lat' dir='ltr'><strong>audent</strong></span> <span class='ocrx_word' id='word_1_420' title='bbox 553 3221 787 3275; x_wconf 83' lang='lat' dir='ltr'><strong>suscipere,</strong></span> <span class='ocrx_word' id='word_1_421' title='bbox 832 3221 879 3261; x_wconf 88' lang='lat' dir='ltr'><em>in</em></span> <span class='ocrx_word' id='word_1_422' title='bbox 914 3226 1111 3275; x_wconf 84' lang='lat' dir='ltr'><em>agrestes</em></span> <span class='ocrx_word' id='word_1_423' title='bbox 1139 3227 1379 3264; x_wconf 82' lang='lat' dir='ltr'><strong>convertere</strong></span> <span class='ocrx_word' id='word_1_424' title='bbox 1407 3221 1556 3261; x_wconf 86' lang='lat' dir='ltr'><strong>solent.</strong></span> <span class='ocrx_word' id='word_1_425' title='bbox 1621 3218 1716 3260; x_wconf 76' lang='lat' dir='ltr'><strong>&#39;ribi</strong></span> <span class='ocrx_word' id='word_1_426' title='bbox 1744 3223 1888 3260; x_wconf 85' lang='lat' dir='ltr'><strong>autem</strong></span> <span class='ocrx_word' id='word_1_427' title='bbox 1909 3217 2048 3270; x_wconf 87' lang='lat' dir='ltr'><strong>facile</strong></span> 
     </span>
     <span class='ocr_line' id='line_1_47' title="bbox 227 3273 2049 3331; baseline -0.002 -13"><span class='ocrx_word' id='word_1_428' title='bbox 227 3282 272 3318; x_wconf 90' lang='lat' dir='ltr'><em>et</em></span> <span class='ocrx_word' id='word_1_429' title='bbox 296 3282 538 3331; x_wconf 85' lang='lat' dir='ltr'><strong>promptum</strong></span> <span class='ocrx_word' id='word_1_430' title='bbox 568 3283 654 3327; x_wconf 87' lang='lat' dir='ltr'><strong>est,</strong></span> <span class='ocrx_word' id='word_1_431' title='bbox 695 3276 900 3328; x_wconf 88' lang='lat' dir='ltr'><strong>Domine,</strong></span> <span class='ocrx_word' id='word_1_432' title='bbox 939 3292 1024 3318; x_wconf 86' lang='lat' dir='ltr'><em>non</em></span> <span class='ocrx_word' id='word_1_433' title='bbox 1051 3277 1174 3318; x_wconf 87' lang='lat' dir='ltr'><strong>modo</strong></span> <span class='ocrx_word' id='word_1_434' title='bbox 1202 3291 1302 3329; x_wconf 87' lang='lat' dir='ltr'><strong>nos,</strong></span> <span class='ocrx_word' id='word_1_435' title='bbox 1340 3277 1415 3318; x_wconf 87' lang='lat' dir='ltr'><em>sed</em></span> <span class='ocrx_word' id='word_1_436' title='bbox 1442 3282 1486 3319; x_wconf 89' lang='lat' dir='ltr'><em>te</em></span> <span class='ocrx_word' id='word_1_437' title='bbox 1514 3274 1647 3317; x_wconf 90' lang='lat' dir='ltr'><strong>etiam</strong></span> <span class='ocrx_word' id='word_1_438' title='bbox 1680 3289 1731 3316; x_wconf 90' lang='lat' dir='ltr'><em>ac</em></span> <span class='ocrx_word' id='word_1_439' title='bbox 1763 3275 1914 3317; x_wconf 86' lang='lat' dir='ltr'><strong>Persas</strong></span> <span class='ocrx_word' id='word_1_440' title='bbox 1941 3273 2049 3316; x_wconf 84' lang='lat' dir='ltr'><strong>ulci-</strong></span> 
     </span>
     <span class='ocr_line' id='line_1_48' title="bbox 227 3331 2048 3389; baseline -0.002 -14"><span class='ocrx_word' id='word_1_441' title='bbox 227 3333 304 3375; x_wconf 87' lang='lat' dir='ltr'><strong>sci.</strong></span> <span class='ocrx_word' id='word_1_442' title='bbox 365 3334 675 3376; x_wconf 80' lang='lat' dir='ltr'><strong>Tantummodo</strong></span> <span class='ocrx_word' id='word_1_443' title='bbox 702 3334 748 3375; x_wconf 86' lang='lat' dir='ltr'><strong>in</strong></span> <span class='ocrx_word' id='word_1_444' title='bbox 775 3334 1062 3376; x_wconf 83' lang='lat' dir='ltr'><strong>suburbanum</strong></span> <span class='ocrx_word' id='word_1_445' title='bbox 1090 3347 1246 3389; x_wconf 85' lang='lat' dir='ltr'><strong>agrum</strong></span> <span class='ocrx_word' id='word_1_446' title='bbox 1275 3335 1343 3375; x_wconf 78' lang='lat' dir='ltr'><em>exi</em></span> <span class='ocrx_word' id='word_1_447' title='bbox 1370 3333 1431 3376; x_wconf 81' lang='lat' dir='ltr'><em>ad</em></span> <span class='ocrx_word' id='word_1_448' title='bbox 1456 3332 1752 3374; x_wconf 78' lang='lat' dir='ltr'><strong>venationem:</strong></span> <span class='ocrx_word' id='word_1_449' title='bbox 1782 3345 1835 3374; x_wconf 88' lang='lat' dir='ltr'><em>ea</em></span> <span class='ocrx_word' id='word_1_450' title='bbox 1863 3331 1940 3373; x_wconf 82' lang='lat' dir='ltr'><strong>tibi</strong></span> <span class='ocrx_word' id='word_1_451' title='bbox 1963 3344 2048 3371; x_wconf 82' lang='lat' dir='ltr'><em>non</em></span> 
     </span>
     <span class='ocr_line' id='line_1_49' title="bbox 229 3387 2049 3446; baseline -0.003 -14"><span class='ocrx_word' id='word_1_452' title='bbox 229 3391 344 3432; x_wconf 88' lang='lat' dir='ltr'><strong>male</strong></span> <span class='ocrx_word' id='word_1_453' title='bbox 379 3391 514 3434; x_wconf 85' lang='lat' dir='ltr'><strong>cedet.</strong></span> <span class='ocrx_word' id='word_1_454' title='bbox 571 3391 786 3446; x_wconf 77' lang='lat' dir='ltr'><strong>Siquidem</strong></span> <span class='ocrx_word' id='word_1_455' title='bbox 822 3391 988 3434; x_wconf 82' lang='lat' dir='ltr'><strong>scelesti</strong></span> <span class='ocrx_word' id='word_1_456' title='bbox 1025 3391 1090 3433; x_wconf 82' lang='lat' dir='ltr'><strong>illi</strong></span> <span class='ocrx_word' id='word_1_457' title='bbox 1125 3405 1210 3431; x_wconf 87' lang='lat' dir='ltr'><em>non</em></span> <span class='ocrx_word' id='word_1_458' title='bbox 1242 3391 1387 3445; x_wconf 85' lang='lat' dir='ltr'><strong>plures</strong></span> <span class='ocrx_word' id='word_1_459' title='bbox 1423 3403 1550 3444; x_wconf 81' lang='lat' dir='ltr'><strong>quam</strong></span> <span class='ocrx_word' id='word_1_460' title='bbox 1584 3389 1783 3444; x_wconf 81' lang='lat' dir='ltr'><strong>quaterni</strong></span> <span class='ocrx_word' id='word_1_461' title='bbox 1818 3388 1944 3430; x_wconf 85' lang='lat' dir='ltr'><strong>simul</strong></span> <span class='ocrx_word' id='word_1_462' title='bbox 1978 3387 2049 3428; x_wconf 83' lang='lat' dir='ltr'><em>vel</em></span> 
     </span>
     <span class='ocr_line' id='line_1_50' title="bbox 232 3443 2048 3502; baseline -0.002 -13"><span class='ocrx_word' id='word_1_463' title='bbox 232 3448 353 3502; x_wconf 80' lang='lat' dir='ltr'><strong>quini</strong></span> <span class='ocrx_word' id='word_1_464' title='bbox 375 3462 456 3502; x_wconf 83' lang='lat' dir='ltr'><em>per</em></span> <span class='ocrx_word' id='word_1_465' title='bbox 481 3462 652 3502; x_wconf 87' lang='lat' dir='ltr'><strong>campos</strong></span> <span class='ocrx_word' id='word_1_466' title='bbox 677 3449 863 3490; x_wconf 82' lang='lat' dir='ltr'><strong>volitant</strong></span> <span class='ocrx_word' id='word_1_467' title='bbox 891 3454 935 3491; x_wconf 87' lang='lat' dir='ltr'><em>et</em></span> <span class='ocrx_word' id='word_1_468' title='bbox 961 3448 1190 3490; x_wconf 84' lang='lat' dir='ltr'><strong>latrocinia</strong></span> <span class='ocrx_word' id='word_1_469' title='bbox 1218 3452 1423 3489; x_wconf 75' lang='lat' dir='ltr'><strong>exercent.</strong></span> <span class='ocrx_word' id='word_1_470' title='bbox 1479 3447 1602 3488; x_wconf 86' lang='lat' dir='ltr'><strong>Haec</strong></span> <span class='ocrx_word' id='word_1_471' title='bbox 1626 3445 1724 3488; x_wconf 87' lang='lat' dir='ltr'><strong>ille·</strong></span> <span class='ocrx_word' id='word_1_472' title='bbox 1753 3444 1903 3501; x_wconf 86' lang='lat' dir='ltr'><strong>quibus</strong></span> <span class='ocrx_word' id='word_1_473' title='bbox 1923 3443 2048 3485; x_wconf 86' lang='lat' dir='ltr'><strong>fidem</strong></span> 
     </span>
     <span class='ocr_line' id='line_1_51' title="bbox 234 3499 2049 3561; baseline -0.003 -13"><span class='ocrx_word' id='word_1_474' title='bbox 234 3504 442 3548; x_wconf 81' lang='lat' dir='ltr'><strong>adhibens</strong></span> <span class='ocrx_word' id='word_1_475' title='bbox 481 3504 665 3558; x_wconf 67' lang='lat' dir='ltr'><strong>(ilonea,</strong></span> <span class='ocrx_word' id='word_1_476' title='bbox 717 3510 869 3561; x_wconf 83' lang='lat' dir='ltr'><strong>rogat,</strong></span> <span class='ocrx_word' id='word_1_477' title='bbox 909 3510 1014 3561; x_wconf 84' lang='lat' dir='ltr'><strong>quot</strong></span> <span class='ocrx_word' id='word_1_478' title='bbox 1051 3503 1222 3549; x_wconf 85' lang='lat' dir='ltr'><strong>tandem</strong></span> <span class='ocrx_word' id='word_1_479' title='bbox 1261 3502 1406 3547; x_wconf 85' lang='lat' dir='ltr'><strong>Persis</strong></span> <span class='ocrx_word' id='word_1_480' title='bbox 1443 3503 1499 3547; x_wconf 78' lang='lat' dir='ltr'><em>ad</em></span> <span class='ocrx_word' id='word_1_481' title='bbox 1538 3516 1627 3547; x_wconf 87' lang='lat' dir='ltr'><em>rem</em></span> <span class='ocrx_word' id='word_1_482' title='bbox 1661 3501 1950 3561; x_wconf 79' lang='lat' dir='ltr'><strong>exequendam</strong></span> <span class='ocrx_word' id='word_1_483' title='bbox 1989 3499 2049 3543; x_wconf 82' lang='lat' dir='ltr'><strong>sit</strong></span> 
     </span>
    </p>
   </div>
  </div>
 </body>
</html>
