<?xml version="1.0" encoding="UTF-8"?>
<!DOCTYPE html PUBLIC "-//W3C//DTD XHTML 1.0 Transitional//EN"
    "http://www.w3.org/TR/xhtml1/DTD/xhtml1-transitional.dtd">
<html xmlns="http://www.w3.org/1999/xhtml" xml:lang="en" lang="en">
 <head>
  <title>
</title>
<meta http-equiv="Content-Type" content="text/html;charset=utf-8" />
  <meta name='ocr-system' content='tesseract 3.04.00' />
  <meta name='ocr-capabilities' content='ocr_page ocr_carea ocr_par ocr_line ocrx_word'/>
</head>
<body>
  <div class='ocr_page' id='page_1' title='image "./corpusscriptorum43niebuoft/corpusscriptorum43niebuoft_0297.png"; bbox 0 0 2254 3814; ppageno 0'>
   <div class='ocr_carea' id='block_1_1' title="bbox 562 188 1971 246">
    <p class='ocr_par' dir='ltr' id='par_1_1' title="bbox 562 188 1971 246">
     <span class='ocr_line' id='line_1_1' title="bbox 562 188 1971 246; baseline 0 -2"><span class='ocrx_word' id='word_1_1' title='bbox 562 191 658 244; x_wconf 92' lang='lat' dir='ltr'><strong>DE</strong></span> <span class='ocrx_word' id='word_1_2' title='bbox 698 191 930 245; x_wconf 90' lang='lat' dir='ltr'>BELLO</span> <span class='ocrx_word' id='word_1_3' title='bbox 973 188 1270 244; x_wconf 86' lang='lat' dir='ltr'><strong>PERSICO</strong></span> <span class='ocrx_word' id='word_1_4' title='bbox 1311 189 1379 243; x_wconf 93' lang='grc' dir='ltr'><strong>Π.</strong></span> <span class='ocrx_word' id='word_1_5' title='bbox 1427 189 1525 244; x_wconf 83' lang='lat'><strong>27.</strong></span> <span class='ocrx_word' id='word_1_6' title='bbox 1850 189 1971 246; x_wconf 84' lang='lat'><strong>275</strong></span> 
     </span>
    </p>
   </div>
   <div class='ocr_carea' id='block_1_2' title="bbox 134 324 1968 487">
    <p class='ocr_par' dir='ltr' id='par_1_2' title="bbox 134 324 1968 487">
     <span class='ocr_line' id='line_1_2' title="bbox 134 324 1968 402; baseline -0.001 -17"><span class='ocrx_word' id='word_1_7' title='bbox 134 334 410 399; x_wconf 79' lang='grc' dir='ltr'><strong><em>Μαρτΐνον</em></strong></span> <span class='ocrx_word' id='word_1_8' title='bbox 435 332 530 399; x_wconf 69' lang='grc' dir='ltr'><strong>μέν</strong></span> <span class='ocrx_word' id='word_1_9' title='bbox 554 330 921 398; x_wconf 73' lang='grc' dir='ltr'><strong><em>ἀπεπέμψαντο</em></strong></span> <span class='ocrx_word' id='word_1_10' title='bbox 946 329 1230 402; x_wconf 73' lang='grc' dir='ltr'><em>διαρρήδην</em></span> <span class='ocrx_word' id='word_1_11' title='bbox 1255 326 1550 394; x_wconf 74' lang='grc' dir='ltr'><strong><em>ἀπειπόντες</em></strong></span> <span class='ocrx_word' id='word_1_12' title='bbox 1575 329 1670 402; x_wconf 73' lang='grc' dir='ltr'><strong>τὴν</strong></span> <span class='ocrx_word' id='word_1_13' title='bbox 1694 324 1968 399; x_wconf 67' lang='grc' dir='ltr'><strong><em>ξύμβασιν,</em></strong></span> 
     </span>
     <span class='ocr_line' id='line_1_3' title="bbox 135 414 1124 487; baseline 0.002 -17"><span class='ocrx_word' id='word_1_14' title='bbox 135 414 284 487; x_wconf 65' lang='grc' dir='ltr'><strong><em>ἔργον</em></strong></span> <span class='ocrx_word' id='word_1_15' title='bbox 309 418 365 470; x_wconf 84' lang='grc' dir='ltr'><strong><em>δέ</em></strong></span> <span class='ocrx_word' id='word_1_16' title='bbox 387 417 595 486; x_wconf 70' lang='grc' dir='ltr'><strong><em>ἔχεσθαι</em></strong></span> <span class='ocrx_word' id='word_1_17' title='bbox 619 417 678 470; x_wconf 83' lang='grc' dir='ltr'><strong><em>τὸ</em></strong></span> <span class='ocrx_word' id='word_1_18' title='bbox 692 416 881 470; x_wconf 67' lang='grc' dir='ltr'><strong><em>’λοιπὸν</em></strong></span> <span class='ocrx_word' id='word_1_19' title='bbox 901 416 1124 485; x_wconf 67' lang='grc' dir='ltr'><strong><em>ἔμελλον.</em></strong></span> 
     </span>
    </p>
   </div>
   <div class='ocr_carea' id='block_1_3' title="bbox 62 527 2048 2226">
    <p class='ocr_par' dir='ltr' id='par_1_3' title="bbox 137 527 1972 688">
     <span class='ocr_line' id='line_1_4' title="bbox 306 527 1968 604; baseline -0.002 -18"><span class='ocrx_word' id='word_1_20' title='bbox 306 530 408 586; x_wconf 65' lang='lat' dir='ltr'><strong>Aa}</strong></span> <span class='ocrx_word' id='word_1_21' title='bbox 435 530 501 598; x_wconf 82' lang='grc' dir='ltr'><strong>δὴ</strong></span> <span class='ocrx_word' id='word_1_22' title='bbox 523 527 763 597; x_wconf 82' lang='grc' dir='ltr'><strong><em>Ῥωμαῖοι</em></strong></span> <span class='ocrx_word' id='word_1_23' title='bbox 801 535 907 584; x_wconf 84' lang='grc' dir='ltr'><strong>τῶν</strong></span> <span class='ocrx_word' id='word_1_24' title='bbox 941 530 1166 602; x_wconf 88' lang='grc' dir='ltr'><strong><em>δένδρων</em></strong></span> <span class='ocrx_word' id='word_1_25' title='bbox 1199 533 1266 585; x_wconf 76' lang='grc' dir='ltr'><strong><em>τὰ</em></strong></span> <span class='ocrx_word' id='word_1_26' title='bbox 1300 531 1500 604; x_wconf 89' lang='grc' dir='ltr'><strong><em>πρέμνα</em></strong></span> <span class='ocrx_word' id='word_1_27' title='bbox 1538 529 1700 594; x_wconf 73' lang='grc' dir='ltr'><strong><em>εὐθὺς</em></strong></span> <span class='ocrx_word' id='word_1_28' title='bbox 1729 527 1968 596; x_wconf 63' lang='grc' dir='ltr'><strong><em>ἔκαυσαν,</em></strong></span> 
     </span>
     <span class='ocr_line' id='line_1_5' title="bbox 137 611 1972 688; baseline 0 -19"><span class='ocrx_word' id='word_1_29' title='bbox 137 614 266 687; x_wconf 78' lang='grc' dir='ltr'><strong><em>ἅπερ</em></strong></span> <span class='ocrx_word' id='word_1_30' title='bbox 289 618 342 678; x_wconf 90' lang='grc' dir='ltr'><strong><em>ἐς</em></strong></span> <span class='ocrx_word' id='word_1_31' title='bbox 368 620 522 670; x_wconf 78' lang='grc' dir='ltr'><strong><em>τοῦτο</em></strong></span> <span class='ocrx_word' id='word_1_32' title='bbox 553 611 855 683; x_wconf 71' lang='grc' dir='ltr'><strong><em>ἡτοίμαστο.</em></strong></span> <span class='ocrx_word' id='word_1_33' title='bbox 939 621 1034 669; x_wconf 83' lang='grc' dir='ltr'><strong><em>τοῦ</em></strong></span> <span class='ocrx_word' id='word_1_34' title='bbox 1065 618 1122 670; x_wconf 75' lang='grc' dir='ltr'><strong>δὲ</strong></span> <span class='ocrx_word' id='word_1_35' title='bbox 1143 617 1305 687; x_wconf 84' lang='grc' dir='ltr'><strong><em>πυρὸς</em></strong></span> <span class='ocrx_word' id='word_1_36' title='bbox 1330 627 1518 688; x_wconf 81' lang='grc' dir='ltr'><strong><em>μοῖραν</em></strong></span> <span class='ocrx_word' id='word_1_37' title='bbox 1540 619 1635 686; x_wconf 78' lang='grc' dir='ltr'><strong>μὲν</strong></span> <span class='ocrx_word' id='word_1_38' title='bbox 1662 620 1756 670; x_wconf 82' lang='grc' dir='ltr'><strong><em>τοῦ</em></strong></span> <span class='ocrx_word' id='word_1_39' title='bbox 1788 612 1972 685; x_wconf 78' lang='grc' dir='ltr'><strong><em>χώμα-</em></strong></span> 
     </span>
    </p>

    <p class='ocr_par' dir='ltr' id='par_1_4' title="bbox 93 697 2042 1113">
     <span class='ocr_line' id='line_1_6' title="bbox 93 697 1970 771; baseline 0.001 -17"><span class='ocrx_word' id='word_1_40' title='bbox 93 710 122 754; x_wconf 81' lang='lat'>5</span> <span class='ocrx_word' id='word_1_41' title='bbox 140 698 228 763; x_wconf 89' lang='grc' dir='ltr'><strong>τός</strong></span> <span class='ocrx_word' id='word_1_42' title='bbox 249 721 362 754; x_wconf 80' lang='grc' dir='ltr'><strong><em>τινα</em></strong></span> <span class='ocrx_word' id='word_1_43' title='bbox 388 697 703 766; x_wconf 70' lang='grc' dir='ltr'><strong><em>καύσαντος,</em></strong></span> <span class='ocrx_word' id='word_1_44' title='bbox 748 700 891 756; x_wconf 71' lang='grc' dir='ltr'><strong><em>οὔπω</em></strong></span> <span class='ocrx_word' id='word_1_45' title='bbox 917 703 973 755; x_wconf 78' lang='grc' dir='ltr'><strong>δὲ</strong></span> <span class='ocrx_word' id='word_1_46' title='bbox 994 701 1079 754; x_wconf 83' lang='grc' dir='ltr'><strong><em>διὰ</em></strong></span> <span class='ocrx_word' id='word_1_47' title='bbox 1103 703 1295 765; x_wconf 80' lang='grc' dir='ltr'><strong><em>παντὸς</em></strong></span> <span class='ocrx_word' id='word_1_48' title='bbox 1316 702 1620 766; x_wconf 79' lang='grc' dir='ltr'><strong><em>ἐξικνεῖσθαι</em></strong></span> <span class='ocrx_word' id='word_1_49' title='bbox 1646 698 1970 771; x_wconf 75' lang='grc' dir='ltr'><strong><em>ἰσχύσαντος,</em></strong></span> 
     </span>
     <span class='ocr_line' id='line_1_7' title="bbox 132 782 1973 859; baseline 0.001 -20"><span class='ocrx_word' id='word_1_50' title='bbox 132 785 199 839; x_wconf 80' lang='grc' dir='ltr'><strong><em>τὰ</em></strong></span> <span class='ocrx_word' id='word_1_51' title='bbox 231 782 358 848; x_wconf 72' lang='grc' dir='ltr'><strong><em>ξύλα</em></strong></span> <span class='ocrx_word' id='word_1_52' title='bbox 388 787 782 854; x_wconf 76' lang='grc' dir='ltr'><strong><em>δεδαπανῆσθαι</em></strong></span> <span class='ocrx_word' id='word_1_53' title='bbox 809 784 978 840; x_wconf 79' lang='grc' dir='ltr'><strong><em>πάντα</em></strong></span> <span class='ocrx_word' id='word_1_54' title='bbox 1005 786 1193 855; x_wconf 66' lang='grc' dir='ltr'><strong><em>ἔτυχεν.</em></strong></span> <span class='ocrx_word' id='word_1_55' title='bbox 1283 787 1359 841; x_wconf 79' lang='grc' dir='ltr'><strong>ἀεὶ</strong></span> <span class='ocrx_word' id='word_1_56' title='bbox 1381 788 1480 859; x_wconf 79' lang='grc' dir='ltr'><strong><em>γὰρ</em></strong></span> <span class='ocrx_word' id='word_1_57' title='bbox 1507 788 1751 856; x_wconf 91' lang='grc' dir='ltr'><strong><em>ἐσέβαλον</em></strong></span> <span class='ocrx_word' id='word_1_58' title='bbox 1778 789 1848 850; x_wconf 75' lang='grc' dir='ltr'><strong><em>εἷς</em></strong></span> <span class='ocrx_word' id='word_1_59' title='bbox 1879 787 1973 855; x_wconf 83' lang='grc' dir='ltr'><strong>τὴν</strong></span> 
     </span>
     <span class='ocr_line' id='line_1_8' title="bbox 133 868 2042 943; baseline 0.002 -19"><span class='ocrx_word' id='word_1_60' title='bbox 133 868 359 941; x_wconf 79' lang='grc' dir='ltr'><strong><em>διώρυχα</em></strong></span> <span class='ocrx_word' id='word_1_61' title='bbox 379 868 507 934; x_wconf 77' lang='grc' dir='ltr'><strong><em>ξύλα</em></strong></span> <span class='ocrx_word' id='word_1_62' title='bbox 529 870 673 941; x_wconf 71' lang='grc' dir='ltr'><strong><em>ἕτερα</em></strong></span> <span class='ocrx_word' id='word_1_63' title='bbox 684 912 702 937; x_wconf 92' lang='grc'><strong><em>,</em></strong></span> <span class='ocrx_word' id='word_1_64' title='bbox 750 870 934 925; x_wconf 75' lang='grc' dir='ltr'><strong><em>οὐδένα</em></strong></span> <span class='ocrx_word' id='word_1_65' title='bbox 959 871 1179 933; x_wconf 72' lang='grc' dir='ltr'><strong><em>ἀνιέντες</em></strong></span> <span class='ocrx_word' id='word_1_66' title='bbox 1200 869 1394 942; x_wconf 91' lang='grc' dir='ltr'><strong><em>καιρόν.</em></strong></span> <span class='ocrx_word' id='word_1_67' title='bbox 1485 872 1584 942; x_wconf 72' lang='grc' dir='ltr'><strong>ἤδη</strong></span> <span class='ocrx_word' id='word_1_68' title='bbox 1611 874 1667 926; x_wconf 76' lang='grc' dir='ltr'><strong>δὲ</strong></span> <span class='ocrx_word' id='word_1_69' title='bbox 1691 878 1784 926; x_wconf 81' lang='grc' dir='ltr'><strong><em>τοῦ</em></strong></span> <span class='ocrx_word' id='word_1_70' title='bbox 1810 872 1972 943; x_wconf 83' lang='grc' dir='ltr'><strong><em>πυρὸς</em></strong></span> <span class='ocrx_word' id='word_1_71' title='bbox 2003 882 2042 927; x_wconf 85' lang='lat' dir='ltr'>C</span> 
     </span>
     <span class='ocr_line' id='line_1_9' title="bbox 133 954 1974 1027; baseline 0.002 -19"><span class='ocrx_word' id='word_1_72' title='bbox 133 954 271 1021; x_wconf 72' lang='grc' dir='ltr'><strong><em>ἅπαν</em></strong></span> <span class='ocrx_word' id='word_1_73' title='bbox 297 957 618 1026; x_wconf 77' lang='grc' dir='ltr'><strong><em>ἐνεργοῦντος</em></strong></span> <span class='ocrx_word' id='word_1_74' title='bbox 637 956 698 1010; x_wconf 78' lang='grc' dir='ltr'><strong><em>τὸ</em></strong></span> <span class='ocrx_word' id='word_1_75' title='bbox 718 962 892 1025; x_wconf 83' lang='grc' dir='ltr'><strong><em>χῶμα,</em></strong></span> <span class='ocrx_word' id='word_1_76' title='bbox 940 954 1131 1019; x_wconf 88' lang='grc' dir='ltr'><strong><em>καπνός</em></strong></span> <span class='ocrx_word' id='word_1_77' title='bbox 1157 977 1236 1018; x_wconf 90' lang='grc' dir='ltr'><strong>τις</strong></span> <span class='ocrx_word' id='word_1_78' title='bbox 1256 955 1482 1027; x_wconf 75' lang='grc' dir='ltr'><strong><em>ὕπερθεν</em></strong></span> <span class='ocrx_word' id='word_1_79' title='bbox 1504 963 1739 1026; x_wconf 82' lang='grc' dir='ltr'><strong><em>πανταχῆ</em></strong></span> <span class='ocrx_word' id='word_1_80' title='bbox 1765 963 1859 1011; x_wconf 81' lang='grc' dir='ltr'><strong><em>τοῦ</em></strong></span> <span class='ocrx_word' id='word_1_81' title='bbox 1884 954 1974 1011; x_wconf 86' lang='grc' dir='ltr'><strong>λό-</strong></span> 
     </span>
     <span class='ocr_line' id='line_1_10' title="bbox 133 1038 1974 1113; baseline 0.001 -18"><span class='ocrx_word' id='word_1_82' title='bbox 133 1060 236 1112; x_wconf 83' lang='grc' dir='ltr'><strong>φου</strong></span> <span class='ocrx_word' id='word_1_83' title='bbox 270 1042 502 1113; x_wconf 76' lang='grc' dir='ltr'><strong><em>ἐφαίνετο</em></strong></span> <span class='ocrx_word' id='word_1_84' title='bbox 536 1038 768 1113; x_wconf 83' lang='grc' dir='ltr'><strong><em>νύκτωρ,</em></strong></span> <span class='ocrx_word' id='word_1_85' title='bbox 808 1039 1054 1110; x_wconf 84' lang='grc' dir='ltr'><strong><em>Ῥωμαῖοί</em></strong></span> <span class='ocrx_word' id='word_1_86' title='bbox 1075 1063 1130 1096; x_wconf 86' lang='grc' dir='ltr'><strong><em>τε</em></strong></span> <span class='ocrx_word' id='word_1_87' title='bbox 1156 1041 1300 1096; x_wconf 67' lang='grc' dir='ltr'><strong><em>οὔπω</em></strong></span> <span class='ocrx_word' id='word_1_88' title='bbox 1322 1042 1588 1105; x_wconf 80' lang='grc' dir='ltr'><strong><em>ἐθέλοντες</em></strong></span> <span class='ocrx_word' id='word_1_89' title='bbox 1608 1043 1856 1111; x_wconf 71' lang='grc' dir='ltr'><strong><em>αἴσθησιν</em></strong></span> <span class='ocrx_word' id='word_1_90' title='bbox 1878 1047 1974 1096; x_wconf 80' lang='grc' dir='ltr'><strong><em>τοῦ</em></strong></span> 
     </span>
    </p>

    <p class='ocr_par' dir='ltr' id='par_1_5' title="bbox 67 1123 2032 1545">
     <span class='ocr_line' id='line_1_11' title="bbox 67 1123 1975 1199; baseline -0.002 -16"><span class='ocrx_word' id='word_1_91' title='bbox 67 1138 123 1183; x_wconf 84' lang='grc'><strong>10</strong></span> <span class='ocrx_word' id='word_1_92' title='bbox 135 1127 438 1195; x_wconf 81' lang='grc' dir='ltr'><strong><em>ποιουμένου</em></strong></span> <span class='ocrx_word' id='word_1_93' title='bbox 469 1126 702 1198; x_wconf 84' lang='grc' dir='ltr'><strong><em>Πέρσαις</em></strong></span> <span class='ocrx_word' id='word_1_94' title='bbox 737 1123 935 1181; x_wconf 87' lang='grc' dir='ltr'><strong><em>διδόναι</em></strong></span> <span class='ocrx_word' id='word_1_95' title='bbox 972 1124 1210 1182; x_wconf 88' lang='grc' dir='ltr'><strong><em>ἐπενόουν</em></strong></span> <span class='ocrx_word' id='word_1_96' title='bbox 1246 1125 1386 1184; x_wconf 78' lang='grc' dir='ltr'><strong><em>τάδε.</em></strong></span> <span class='ocrx_word' id='word_1_97' title='bbox 1479 1124 1760 1199; x_wconf 74' lang='grc' dir='ltr'><strong><em>ἀνθράκων</em></strong></span> <span class='ocrx_word' id='word_1_98' title='bbox 1799 1148 1853 1181; x_wconf 85' lang='grc' dir='ltr'><strong><em>τε</em></strong></span> <span class='ocrx_word' id='word_1_99' title='bbox 1890 1129 1975 1180; x_wconf 80' lang='grc' dir='ltr'><strong>καὶ</strong></span> 
     </span>
     <span class='ocr_line' id='line_1_12' title="bbox 132 1209 1977 1285; baseline -0.001 -19"><span class='ocrx_word' id='word_1_100' title='bbox 132 1211 294 1284; x_wconf 79' lang='grc' dir='ltr'><strong><em>πυρὸς</em></strong></span> <span class='ocrx_word' id='word_1_101' title='bbox 329 1211 502 1282; x_wconf 75' lang='grc' dir='ltr'><strong><em>ἀγγεῖα</em></strong></span> <span class='ocrx_word' id='word_1_102' title='bbox 538 1213 696 1285; x_wconf 81' lang='grc' dir='ltr'><strong><em>μικρὰ</em></strong></span> <span class='ocrx_word' id='word_1_103' title='bbox 733 1210 1113 1283; x_wconf 78' lang='grc' dir='ltr'><strong><em>ἐμπλησάμενοι</em></strong></span> <span class='ocrx_word' id='word_1_104' title='bbox 1149 1210 1320 1268; x_wconf 76' lang='grc' dir='ltr'><strong><em>ταῦτά</em></strong></span> <span class='ocrx_word' id='word_1_105' title='bbox 1351 1235 1406 1267; x_wconf 82' lang='grc' dir='ltr'><strong><em>τε,</em></strong></span> <span class='ocrx_word' id='word_1_106' title='bbox 1442 1215 1528 1267; x_wconf 84' lang='grc' dir='ltr'><strong>καὶ</strong></span> <span class='ocrx_word' id='word_1_107' title='bbox 1561 1209 1864 1285; x_wconf 81' lang='grc' dir='ltr'><strong><em>πυρφόρους</em></strong></span> <span class='ocrx_word' id='word_1_108' title='bbox 1899 1214 1977 1266; x_wconf 79' lang='grc' dir='ltr'><strong>οἲ-</strong></span> 
     </span>
     <span class='ocr_line' id='line_1_13' title="bbox 133 1294 1976 1370; baseline -0.001 -19"><span class='ocrx_word' id='word_1_109' title='bbox 133 1297 290 1361; x_wconf 76' lang='grc' dir='ltr'><strong><em>στοῦς</em></strong></span> <span class='ocrx_word' id='word_1_110' title='bbox 312 1303 406 1352; x_wconf 77' lang='grc' dir='ltr'><strong><em>τοῦ</em></strong></span> <span class='ocrx_word' id='word_1_111' title='bbox 428 1294 676 1367; x_wconf 79' lang='grc' dir='ltr'><strong><em>χώματος</em></strong></span> <span class='ocrx_word' id='word_1_112' title='bbox 700 1296 987 1367; x_wconf 82' lang='grc' dir='ltr'><strong><em>πανταχόσε</em></strong></span> <span class='ocrx_word' id='word_1_113' title='bbox 1015 1299 1178 1370; x_wconf 81' lang='grc' dir='ltr'><strong><em>συχνὰ</em></strong></span> <span class='ocrx_word' id='word_1_114' title='bbox 1212 1298 1462 1368; x_wconf 65' lang='grc' dir='ltr'><strong><em>ἔπεμπον·</em></strong></span> <span class='ocrx_word' id='word_1_115' title='bbox 1502 1297 1539 1353; x_wconf 76' lang='grc' dir='ltr'><em>ἃ</em></span> <span class='ocrx_word' id='word_1_116' title='bbox 1576 1298 1642 1367; x_wconf 83' lang='grc' dir='ltr'><strong>δὴ</strong></span> <span class='ocrx_word' id='word_1_117' title='bbox 1678 1298 1728 1352; x_wconf 78' lang='grc' dir='ltr'><strong>οἱ</strong></span> <span class='ocrx_word' id='word_1_118' title='bbox 1753 1298 1976 1368; x_wconf 85' lang='grc' dir='ltr'><strong><em>Πέρσαι,</em></strong></span> 
     </span>
     <span class='ocr_line' id='line_1_14' title="bbox 134 1380 1977 1457; baseline 0.001 -21"><span class='ocrx_word' id='word_1_119' title='bbox 134 1382 247 1437; x_wconf 82' lang='grc' dir='ltr'><strong><em>ὅσοι</em></strong></span> <span class='ocrx_word' id='word_1_120' title='bbox 270 1384 504 1455; x_wconf 77' lang='grc' dir='ltr'><strong><em>φυλακὴν</em></strong></span> <span class='ocrx_word' id='word_1_121' title='bbox 527 1385 759 1439; x_wconf 77' lang='grc' dir='ltr'><strong><em>ἐνταῦθα</em></strong></span> <span class='ocrx_word' id='word_1_122' title='bbox 786 1382 948 1453; x_wconf 77' lang='grc' dir='ltr'><strong><em>εἶχον,</em></strong></span> <span class='ocrx_word' id='word_1_123' title='bbox 998 1385 1088 1449; x_wconf 75' lang='grc' dir='ltr'><strong>ξὺν</strong></span> <span class='ocrx_word' id='word_1_124' title='bbox 1110 1380 1252 1457; x_wconf 79' lang='grc' dir='ltr'><strong><em>πάσῃ</em></strong></span> <span class='ocrx_word' id='word_1_125' title='bbox 1277 1386 1480 1457; x_wconf 83' lang='grc' dir='ltr'><strong><em>σπουδῇ</em></strong></span> <span class='ocrx_word' id='word_1_126' title='bbox 1502 1381 1777 1457; x_wconf 85' lang='grc' dir='ltr'><strong><em>περιιόντες</em></strong></span> <span class='ocrx_word' id='word_1_127' title='bbox 1800 1383 1977 1452; x_wconf 83' lang='grc' dir='ltr'><strong><em>ἐσβέν-</em></strong></span> 
     </span>
     <span class='ocr_line' id='line_1_15' title="bbox 133 1466 2032 1545; baseline 0 -23"><span class='ocrx_word' id='word_1_128' title='bbox 133 1490 257 1523; x_wconf 84' lang='grc' dir='ltr'><strong><em>νυον</em></strong></span> <span class='ocrx_word' id='word_1_129' title='bbox 287 1471 372 1523; x_wconf 83' lang='grc' dir='ltr'><strong>καὶ</strong></span> <span class='ocrx_word' id='word_1_130' title='bbox 402 1468 500 1522; x_wconf 75' lang='grc' dir='ltr'><strong>ἀπ’</strong></span> <span class='ocrx_word' id='word_1_131' title='bbox 534 1469 696 1524; x_wconf 80' lang='grc' dir='ltr'><strong>αὖτοῦ</strong></span> <span class='ocrx_word' id='word_1_132' title='bbox 723 1466 953 1541; x_wconf 78' lang='grc' dir='ltr'><strong><em>φύεσθαι</em></strong></span> <span class='ocrx_word' id='word_1_133' title='bbox 990 1469 1082 1524; x_wconf 84' lang='grc' dir='ltr'><strong>τὸν</strong></span> <span class='ocrx_word' id='word_1_134' title='bbox 1115 1470 1308 1525; x_wconf 82' lang='grc' dir='ltr'><strong><em>καπνὸν</em></strong></span> <span class='ocrx_word' id='word_1_135' title='bbox 1344 1470 1524 1545; x_wconf 77' lang='grc' dir='ltr'><strong><em>ᾤοντο.</em></strong></span> <span class='ocrx_word' id='word_1_136' title='bbox 1613 1466 1883 1542; x_wconf 81' lang='grc' dir='ltr'><strong><em>προϊόντος</em></strong></span> <span class='ocrx_word' id='word_1_137' title='bbox 1924 1469 1982 1522; x_wconf 80' lang='grc' dir='ltr'><strong>δὲ</strong></span> <span class='ocrx_word' id='word_1_138' title='bbox 2027 1484 2032 1489; x_wconf 78' lang='grc'><strong>’</strong></span> 
     </span>
    </p>

    <p class='ocr_par' dir='ltr' id='par_1_6' title="bbox 65 1552 2048 1968">
     <span class='ocr_line' id='line_1_16' title="bbox 65 1552 1983 1630; baseline 0.001 -24"><span class='ocrx_word' id='word_1_139' title='bbox 65 1560 120 1606; x_wconf 84' lang='grc'><strong>15</strong></span> <span class='ocrx_word' id='word_1_140' title='bbox 134 1559 226 1608; x_wconf 82' lang='grc' dir='ltr'><strong><em>τοῦ</em></strong></span> <span class='ocrx_word' id='word_1_141' title='bbox 263 1560 423 1608; x_wconf 80' lang='grc' dir='ltr'><strong><em>κακοῦ</em></strong></span> <span class='ocrx_word' id='word_1_142' title='bbox 460 1553 650 1623; x_wconf 79' lang='grc' dir='ltr'><strong><em>πλήθει</em></strong></span> <span class='ocrx_word' id='word_1_143' title='bbox 685 1556 780 1623; x_wconf 76' lang='grc' dir='ltr'><strong>μὲν</strong></span> <span class='ocrx_word' id='word_1_144' title='bbox 807 1560 982 1630; x_wconf 76' lang='grc' dir='ltr'><strong><em>πολλῷ</em></strong></span> <span class='ocrx_word' id='word_1_145' title='bbox 1007 1552 1267 1623; x_wconf 77' lang='grc' dir='ltr'><strong><em>ἐβοήθουν</em></strong></span> <span class='ocrx_word' id='word_1_146' title='bbox 1293 1556 1341 1610; x_wconf 79' lang='grc' dir='ltr'><strong>οἱ</strong></span> <span class='ocrx_word' id='word_1_147' title='bbox 1363 1552 1656 1627; x_wconf 79' lang='grc' dir='ltr'><strong><em>βάρβαροι,</em></strong></span> <span class='ocrx_word' id='word_1_148' title='bbox 1701 1552 1983 1623; x_wconf 80' lang='grc' dir='ltr'><strong><em>βάλλοντες</em></strong></span> 
     </span>
     <span class='ocr_line' id='line_1_17' title="bbox 133 1632 2048 1711; baseline 0.001 -19"><span class='ocrx_word' id='word_1_149' title='bbox 133 1640 191 1692; x_wconf 78' lang='grc' dir='ltr'><strong><em>δέ</em></strong></span> <span class='ocrx_word' id='word_1_150' title='bbox 218 1639 410 1703; x_wconf 79' lang='grc' dir='ltr'><strong><em>αὖτοῦς</em></strong></span> <span class='ocrx_word' id='word_1_151' title='bbox 428 1638 532 1702; x_wconf 68' lang='grc' dir='ltr'><strong>ἀπὸ</strong></span> <span class='ocrx_word' id='word_1_152' title='bbox 558 1647 652 1695; x_wconf 86' lang='grc' dir='ltr'><strong><em>τοῦ</em></strong></span> <span class='ocrx_word' id='word_1_153' title='bbox 675 1638 947 1711; x_wconf 88' lang='grc' dir='ltr'><strong><em>περιβόλου</em></strong></span> <span class='ocrx_word' id='word_1_154' title='bbox 975 1638 1217 1709; x_wconf 86' lang='grc' dir='ltr'><strong><em>Ῥωμαῖοι</em></strong></span> <span class='ocrx_word' id='word_1_155' title='bbox 1245 1640 1469 1703; x_wconf 75' lang='grc' dir='ltr'><strong><em>πολλοὺς</em></strong></span> <span class='ocrx_word' id='word_1_156' title='bbox 1494 1639 1734 1694; x_wconf 63' lang='grc' dir='ltr'><strong><em>ἔκτειναν.</em></strong></span> <span class='ocrx_word' id='word_1_157' title='bbox 1819 1632 1882 1694; x_wconf 68' lang='grc' dir='ltr'><strong>οὗ</strong></span> <span class='ocrx_word' id='word_1_158' title='bbox 1913 1637 1975 1708; x_wconf 78' lang='grc' dir='ltr'><strong>δὴ</strong></span> <span class='ocrx_word' id='word_1_159' title='bbox 2006 1661 2048 1705; x_wconf 84' lang='lat'><strong>1)</strong></span> 
     </span>
     <span class='ocr_line' id='line_1_18' title="bbox 131 1721 1980 1798; baseline -0.001 -19"><span class='ocrx_word' id='word_1_160' title='bbox 131 1728 220 1779; x_wconf 76' lang='grc' dir='ltr'><strong>καὶ</strong></span> <span class='ocrx_word' id='word_1_161' title='bbox 240 1722 491 1795; x_wconf 84' lang='grc' dir='ltr'><strong><em>Χοσρόης</em></strong></span> <span class='ocrx_word' id='word_1_162' title='bbox 513 1725 646 1798; x_wconf 75' lang='grc' dir='ltr'><strong>ἀμφὶ</strong></span> <span class='ocrx_word' id='word_1_163' title='bbox 673 1723 819 1793; x_wconf 77' lang='grc' dir='ltr'><strong><em>ἦλιόυ</em></strong></span> <span class='ocrx_word' id='word_1_164' title='bbox 848 1726 1107 1788; x_wconf 81' lang='grc' dir='ltr'><strong><em>α’νατολᾶς</em></strong></span> <span class='ocrx_word' id='word_1_165' title='bbox 1134 1721 1266 1794; x_wconf 75' lang='grc' dir='ltr'><strong><em>ἦλθε</em></strong></span> <span class='ocrx_word' id='word_1_166' title='bbox 1278 1766 1296 1792; x_wconf 92' lang='grc'><strong><em>,</em></strong></span> <span class='ocrx_word' id='word_1_167' title='bbox 1344 1728 1434 1780; x_wconf 80' lang='grc' dir='ltr'><strong>καί</strong></span> <span class='ocrx_word' id='word_1_168' title='bbox 1452 1726 1500 1779; x_wconf 80' lang='grc' dir='ltr'><strong>οἱ</strong></span> <span class='ocrx_word' id='word_1_169' title='bbox 1526 1725 1587 1780; x_wconf 87' lang='grc' dir='ltr'><strong><em>τὸ</em></strong></span> <span class='ocrx_word' id='word_1_170' title='bbox 1619 1730 1856 1780; x_wconf 79' lang='grc' dir='ltr'><strong><em>πλεῖστον</em></strong></span> <span class='ocrx_word' id='word_1_171' title='bbox 1885 1729 1980 1779; x_wconf 81' lang='grc' dir='ltr'><strong><em>τοῦ</em></strong></span> 
     </span>
     <span class='ocr_line' id='line_1_19' title="bbox 130 1808 1983 1883; baseline -0.001 -18"><span class='ocrx_word' id='word_1_172' title='bbox 130 1817 359 1881; x_wconf 80' lang='grc' dir='ltr'><strong><em>στρατοῦ</em></strong></span> <span class='ocrx_word' id='word_1_173' title='bbox 399 1812 594 1877; x_wconf 72' lang='grc' dir='ltr'><strong><em>εἵπετο,</em></strong></span> <span class='ocrx_word' id='word_1_174' title='bbox 641 1811 694 1873; x_wconf 72' lang='grc' dir='ltr'><strong><em>ἴς</em></strong></span> <span class='ocrx_word' id='word_1_175' title='bbox 732 1832 788 1865; x_wconf 84' lang='grc' dir='ltr'><strong><em>τε</em></strong></span> <span class='ocrx_word' id='word_1_176' title='bbox 825 1811 916 1865; x_wconf 84' lang='grc' dir='ltr'><strong>τὸν</strong></span> <span class='ocrx_word' id='word_1_177' title='bbox 939 1808 1104 1882; x_wconf 84' lang='grc' dir='ltr'><strong><em>λόφον</em></strong></span> <span class='ocrx_word' id='word_1_178' title='bbox 1130 1811 1332 1879; x_wconf 80' lang='grc' dir='ltr'><strong><em>ἀναβὰς</em></strong></span> <span class='ocrx_word' id='word_1_179' title='bbox 1356 1816 1560 1883; x_wconf 86' lang='grc' dir='ltr'><strong><em>πρῶτος</em></strong></span> <span class='ocrx_word' id='word_1_180' title='bbox 1585 1809 1736 1879; x_wconf 77' lang='grc' dir='ltr'><strong><em>ἔλαβε</em></strong></span> <span class='ocrx_word' id='word_1_181' title='bbox 1765 1815 1860 1865; x_wconf 82' lang='grc' dir='ltr'><strong><em>τοῦ</em></strong></span> <span class='ocrx_word' id='word_1_182' title='bbox 1885 1831 1983 1863; x_wconf 77' lang='grc' dir='ltr'><strong><em>κα·-</em></strong></span> 
     </span>
     <span class='ocr_line' id='line_1_20' title="bbox 133 1893 1982 1968; baseline 0 -19"><span class='ocrx_word' id='word_1_183' title='bbox 133 1901 228 1950; x_wconf 82' lang='grc' dir='ltr'><strong><em>κοῦ</em></strong></span> <span class='ocrx_word' id='word_1_184' title='bbox 260 1895 525 1966; x_wconf 72' lang='grc' dir='ltr'><strong><em>αἴσθησιν.</em></strong></span> <span class='ocrx_word' id='word_1_185' title='bbox 614 1894 791 1965; x_wconf 66' lang='grc' dir='ltr'><strong><em>ἔνερθε</em></strong></span> <span class='ocrx_word' id='word_1_186' title='bbox 825 1896 924 1967; x_wconf 79' lang='grc' dir='ltr'><strong><em>γὰρ</em></strong></span> <span class='ocrx_word' id='word_1_187' title='bbox 959 1894 1260 1968; x_wconf 81' lang='grc' dir='ltr'><strong><em>ἀπεφήνατο</em></strong></span> <span class='ocrx_word' id='word_1_188' title='bbox 1284 1902 1379 1950; x_wconf 79' lang='grc' dir='ltr'><strong><em>τοῦ</em></strong></span> <span class='ocrx_word' id='word_1_189' title='bbox 1407 1900 1607 1950; x_wconf 86' lang='grc' dir='ltr'><strong><em>καπνοῦ</em></strong></span> <span class='ocrx_word' id='word_1_190' title='bbox 1634 1895 1695 1950; x_wconf 76' lang='grc' dir='ltr'><strong><em>τὸ</em></strong></span> <span class='ocrx_word' id='word_1_191' title='bbox 1722 1895 1888 1950; x_wconf 67' lang='grc' dir='ltr'><strong><em>αἴτιον</em></strong></span> <span class='ocrx_word' id='word_1_192' title='bbox 1910 1893 1982 1949; x_wconf 77' lang='grc' dir='ltr'><strong>εἶ·</strong></span> 
     </span>
    </p>

    <p class='ocr_par' dir='ltr' id='par_1_7' title="bbox 62 1973 1983 2226">
     <span class='ocr_line' id='line_1_21' title="bbox 62 1973 1983 2052; baseline -0.001 -16"><span class='ocrx_word' id='word_1_193' title='bbox 62 1989 247 2047; x_wconf 63' lang='grc' dir='ltr'><strong><em>ωναι,</em></strong></span> <span class='ocrx_word' id='word_1_194' title='bbox 292 1980 388 2036; x_wconf 74' lang='grc' dir='ltr'><strong>οὐκ</strong></span> <span class='ocrx_word' id='word_1_195' title='bbox 423 1980 526 2052; x_wconf 75' lang='grc' dir='ltr'><strong>ἀφ’</strong></span> <span class='ocrx_word' id='word_1_196' title='bbox 564 1973 636 2036; x_wconf 81' lang='grc' dir='ltr'><strong>ὧν</strong></span> <span class='ocrx_word' id='word_1_197' title='bbox 678 1979 996 2051; x_wconf 82' lang='grc' dir='ltr'><strong><em>ἐσηκόντιζον</em></strong></span> <span class='ocrx_word' id='word_1_198' title='bbox 1020 1982 1070 2036; x_wconf 80' lang='grc' dir='ltr'><strong>οἶ</strong></span> <span class='ocrx_word' id='word_1_199' title='bbox 1094 1981 1354 2051; x_wconf 80' lang='grc' dir='ltr'><strong><em>πολέμιοι,</em></strong></span> <span class='ocrx_word' id='word_1_200' title='bbox 1401 1987 1621 2052; x_wconf 76' lang='grc' dir='ltr'><strong><em>βοηθεῖν</em></strong></span> <span class='ocrx_word' id='word_1_201' title='bbox 1643 2003 1698 2036; x_wconf 86' lang='grc' dir='ltr'><strong><em>τε</em></strong></span> <span class='ocrx_word' id='word_1_202' title='bbox 1722 1981 1856 2036; x_wconf 78' lang='grc' dir='ltr'><strong><em>κατὰ</em></strong></span> <span class='ocrx_word' id='word_1_203' title='bbox 1885 1975 1983 2034; x_wconf 75' lang='grc' dir='ltr'><strong>τοῖ-</strong></span> 
     </span>
     <span class='ocr_line' id='line_1_22' title="bbox 130 2064 1981 2145; baseline -0.001 -24"><span class='ocrx_word' id='word_1_204' title='bbox 130 2088 226 2136; x_wconf 83' lang='grc' dir='ltr'><strong><em>χος</em></strong></span> <span class='ocrx_word' id='word_1_205' title='bbox 248 2065 437 2145; x_wconf 73' lang='grc' dir='ltr'><strong><em>ἐκέλευε</em></strong></span> <span class='ocrx_word' id='word_1_206' title='bbox 458 2067 519 2121; x_wconf 79' lang='grc' dir='ltr'><strong><em>τὸ</em></strong></span> <span class='ocrx_word' id='word_1_207' title='bbox 542 2064 836 2139; x_wconf 77' lang='grc' dir='ltr'><strong><em>στράτευμα</em></strong></span> <span class='ocrx_word' id='word_1_208' title='bbox 863 2066 1001 2122; x_wconf 83' lang='grc' dir='ltr'><strong><em>ὅλον.</em></strong></span> <span class='ocrx_word' id='word_1_209' title='bbox 1090 2069 1175 2122; x_wconf 79' lang='grc' dir='ltr'><strong>καὶ</strong></span> <span class='ocrx_word' id='word_1_210' title='bbox 1191 2065 1435 2137; x_wconf 79' lang='grc' dir='ltr'><strong><em>Ῥωμαῖοι</em></strong></span> <span class='ocrx_word' id='word_1_211' title='bbox 1458 2072 1784 2140; x_wconf 83' lang='grc' dir='ltr'><strong><em>θαρσοῦντες</em></strong></span> <span class='ocrx_word' id='word_1_212' title='bbox 1810 2065 1863 2130; x_wconf 75' lang='grc' dir='ltr'><strong><em>ἔς</em></strong></span> <span class='ocrx_word' id='word_1_213' title='bbox 1883 2065 1981 2120; x_wconf 78' lang='grc' dir='ltr'><strong>αὗ-</strong></span> 
     </span>
     <span class='ocr_line' id='line_1_23' title="bbox 133 2149 1982 2226; baseline -0.002 -19"><span class='ocrx_word' id='word_1_214' title='bbox 133 2152 260 2216; x_wconf 73' lang='grc' dir='ltr'><strong><em>τοῦς</em></strong></span> <span class='ocrx_word' id='word_1_215' title='bbox 291 2150 517 2224; x_wconf 69' lang='grc' dir='ltr'><strong><em>ὕβριζον.</em></strong></span> <span class='ocrx_word' id='word_1_216' title='bbox 602 2159 710 2208; x_wconf 85' lang='grc' dir='ltr'><strong>τῶν</strong></span> <span class='ocrx_word' id='word_1_217' title='bbox 745 2153 801 2207; x_wconf 76' lang='grc' dir='ltr'><strong>δὲ</strong></span> <span class='ocrx_word' id='word_1_218' title='bbox 831 2149 1117 2226; x_wconf 77' lang='grc' dir='ltr'><strong><em>βαρβάρων</em></strong></span> <span class='ocrx_word' id='word_1_219' title='bbox 1155 2154 1205 2209; x_wconf 81' lang='grc' dir='ltr'><strong>οἶ</strong></span> <span class='ocrx_word' id='word_1_220' title='bbox 1235 2153 1330 2223; x_wconf 80' lang='grc' dir='ltr'><strong>μέν</strong></span> <span class='ocrx_word' id='word_1_221' title='bbox 1366 2174 1499 2217; x_wconf 83' lang='grc' dir='ltr'><strong><em>τινες</em></strong></span> <span class='ocrx_word' id='word_1_222' title='bbox 1532 2158 1687 2222; x_wconf 82' lang='grc' dir='ltr'><strong><em>χοῦν,</em></strong></span> <span class='ocrx_word' id='word_1_223' title='bbox 1736 2154 1786 2208; x_wconf 74' lang='grc' dir='ltr'><strong>οἳ</strong></span> <span class='ocrx_word' id='word_1_224' title='bbox 1817 2153 1982 2206; x_wconf 81' lang='grc' dir='ltr'><strong><em>δὲκαὶ</em></strong></span> 
     </span>
    </p>
   </div>
   <div class='ocr_carea' id='block_1_4' title="bbox 249 2292 1981 2432">
    <p class='ocr_par' dir='ltr' id='par_1_8' title="bbox 249 2292 1981 2432">
     <span class='ocr_line' id='line_1_24' title="bbox 249 2292 1981 2375; baseline -0.002 -12"><span class='ocrx_word' id='word_1_225' title='bbox 249 2318 294 2363; x_wconf 81' lang='grc'><strong>8.</strong></span> <span class='ocrx_word' id='word_1_226' title='bbox 336 2314 538 2363; x_wconf 70' lang='grc' dir='ltr'><strong><em>ἔκαυσαν</em></strong></span> <span class='ocrx_word' id='word_1_227' title='bbox 562 2341 623 2350; x_wconf 91' lang='lat'><strong>·-</strong></span> <span class='ocrx_word' id='word_1_228' title='bbox 650 2313 861 2368; x_wconf 76' lang='grc' dir='ltr'><strong><em>ἅπαντας</em></strong></span> <span class='ocrx_word' id='word_1_229' title='bbox 882 2316 960 2375; x_wconf 86' lang='lat' dir='ltr'><strong>(p.</strong></span> <span class='ocrx_word' id='word_1_230' title='bbox 992 2317 1079 2362; x_wconf 86' lang='lat'><strong>160</strong></span> <span class='ocrx_word' id='word_1_231' title='bbox 1105 2316 1178 2372; x_wconf 89' lang='lat' dir='ltr'><strong>c.)</strong></span> <span class='ocrx_word' id='word_1_232' title='bbox 1208 2330 1289 2360; x_wconf 89' lang='lat' dir='ltr'><strong>om.</strong></span> <span class='ocrx_word' id='word_1_233' title='bbox 1318 2317 1423 2360; x_wconf 70' lang='lat' dir='ltr'><strong>HLz</strong></span> <span class='ocrx_word' id='word_1_234' title='bbox 1461 2316 1623 2360; x_wconf 83' lang='lat' dir='ltr'><strong>habent</strong></span> <span class='ocrx_word' id='word_1_235' title='bbox 1651 2292 1776 2360; x_wconf 69' lang='lat' dir='ltr'>AVP&#39;</span> <span class='ocrx_word' id='word_1_236' title='bbox 1800 2318 1846 2360; x_wconf 83' lang='lat' dir='ltr'><strong>et</strong></span> <span class='ocrx_word' id='word_1_237' title='bbox 1874 2313 1981 2372; x_wconf 84' lang='lat' dir='ltr'><strong>legit</strong></span> 
     </span>
     <span class='ocr_line' id='line_1_25' title="bbox 249 2371 1536 2432; baseline 0.001 -14"><span class='ocrx_word' id='word_1_238' title='bbox 249 2374 349 2420; x_wconf 75' lang='lat' dir='ltr'><strong>RV.</strong></span> <span class='ocrx_word' id='word_1_239' title='bbox 462 2377 507 2421; x_wconf 86' lang='lat'><strong>6.</strong></span> <span class='ocrx_word' id='word_1_240' title='bbox 532 2371 623 2432; x_wconf 72' lang='grc' dir='ltr'><strong>γὰρ</strong></span> <span class='ocrx_word' id='word_1_241' title='bbox 655 2376 708 2421; x_wconf 89' lang='lat' dir='ltr'><strong>V.</strong></span> <span class='ocrx_word' id='word_1_242' title='bbox 764 2391 814 2421; x_wconf 78' lang='grc' dir='ltr'><strong><em>τε</em></strong></span> <span class='ocrx_word' id='word_1_243' title='bbox 842 2376 896 2421; x_wconf 84' lang='grc' dir='ltr'><strong>Ρ.</strong></span> <span class='ocrx_word' id='word_1_244' title='bbox 1015 2378 1087 2420; x_wconf 84' lang='grc'><strong>10.</strong></span> <span class='ocrx_word' id='word_1_245' title='bbox 1117 2373 1302 2420; x_wconf 79' lang='grc' dir='ltr'><strong><em>διδόναι</em></strong></span> <span class='ocrx_word' id='word_1_246' title='bbox 1330 2388 1412 2419; x_wconf 89' lang='lat' dir='ltr'><strong>om.</strong></span> <span class='ocrx_word' id='word_1_247' title='bbox 1441 2372 1536 2419; x_wconf 83' lang='lat' dir='ltr'><strong>AV.</strong></span> 
     </span>
    </p>
   </div>
   <div class='ocr_carea' id='block_1_5' title="bbox 137 2513 1983 2635">
    <p class='ocr_par' dir='ltr' id='par_1_9' title="bbox 137 2513 1983 2635">
     <span class='ocr_line' id='line_1_26' title="bbox 137 2513 1983 2577; baseline -0.001 -17"><span class='ocrx_word' id='word_1_248' title='bbox 137 2519 380 2574; x_wconf 81' lang='lat' dir='ltr'><strong>promotus,</strong></span> <span class='ocrx_word' id='word_1_249' title='bbox 410 2516 538 2574; x_wconf 77' lang='lat' dir='ltr'><strong>longe</strong></span> <span class='ocrx_word' id='word_1_250' title='bbox 565 2517 641 2562; x_wconf 85' lang='lat' dir='ltr'><strong>illa</strong></span> <span class='ocrx_word' id='word_1_251' title='bbox 667 2515 916 2577; x_wconf 81' lang='lat' dir='ltr'><strong>superavit3</strong></span> <span class='ocrx_word' id='word_1_252' title='bbox 944 2514 1178 2560; x_wconf 74' lang='lat' dir='ltr'><strong>Mai-tinum</strong></span> <span class='ocrx_word' id='word_1_253' title='bbox 1206 2515 1490 2568; x_wconf 85' lang='lat' dir='ltr'><strong>remiserunt,</strong></span> <span class='ocrx_word' id='word_1_254' title='bbox 1524 2513 1828 2573; x_wconf 83' lang='lat' dir='ltr'><strong>pacificatione</strong></span> <span class='ocrx_word' id='word_1_255' title='bbox 1856 2514 1983 2573; x_wconf 85' lang='lat' dir='ltr'><strong>plane</strong></span> 
     </span>
     <span class='ocr_line' id='line_1_27' title="bbox 137 2573 1431 2635; baseline 0.002 -18"><span class='ocrx_word' id='word_1_256' title='bbox 137 2573 356 2618; x_wconf 82' lang='lat' dir='ltr'><strong>abscissa:</strong></span> <span class='ocrx_word' id='word_1_257' title='bbox 383 2574 552 2632; x_wconf 75' lang='lat' dir='ltr'><strong>iamque</strong></span> <span class='ocrx_word' id='word_1_258' title='bbox 580 2578 637 2620; x_wconf 90' lang='lat' dir='ltr'><strong>ad</strong></span> <span class='ocrx_word' id='word_1_259' title='bbox 665 2574 1023 2635; x_wconf 73' lang='lat' dir='ltr'><strong>oppugnationem</strong></span> <span class='ocrx_word' id='word_1_260' title='bbox 1053 2587 1101 2617; x_wconf 80' lang='lat' dir='ltr'><strong>se</strong></span> <span class='ocrx_word' id='word_1_261' title='bbox 1128 2573 1431 2630; x_wconf 75' lang='lat' dir='ltr'><strong>accingebant.</strong></span> 
     </span>
    </p>
   </div>
   <div class='ocr_carea' id='block_1_6' title="bbox 138 2640 1985 3564">
    <p class='ocr_par' dir='ltr' id='par_1_10' title="bbox 138 2640 1985 3564">
     <span class='ocr_line' id='line_1_28' title="bbox 254 2640 1985 2711; baseline -0.003 -21"><span class='ocrx_word' id='word_1_262' title='bbox 254 2645 537 2699; x_wconf 71' lang='lat' dir='ltr'><strong>Quamobrem</strong></span> <span class='ocrx_word' id='word_1_263' title='bbox 578 2645 695 2703; x_wconf 75' lang='lat' dir='ltr'><strong>ligna</strong></span> <span class='ocrx_word' id='word_1_264' title='bbox 736 2645 1023 2690; x_wconf 86' lang='lat' dir='ltr'><strong>accenderunt</strong></span> <span class='ocrx_word' id='word_1_265' title='bbox 1059 2644 1203 2689; x_wconf 85' lang='lat' dir='ltr'><strong>statim</strong></span> <span class='ocrx_word' id='word_1_266' title='bbox 1242 2644 1423 2688; x_wconf 90' lang='lat' dir='ltr'><strong>Romani</strong></span> <span class='ocrx_word' id='word_1_267' title='bbox 1466 2642 1522 2687; x_wconf 87' lang='lat' dir='ltr'><strong>ad</strong></span> <span class='ocrx_word' id='word_1_268' title='bbox 1562 2640 1608 2686; x_wconf 87' lang='lat' dir='ltr'><strong>id</strong></span> <span class='ocrx_word' id='word_1_269' title='bbox 1635 2645 1806 2711; x_wconf 74' lang='lat' dir='ltr'><strong>parata.</strong></span> <span class='ocrx_word' id='word_1_270' title='bbox 1864 2640 1985 2699; x_wconf 86' lang='lat' dir='ltr'><strong>Ignis</strong></span> 
     </span>
     <span class='ocr_line' id='line_1_29' title="bbox 138 2700 1985 2773; baseline -0.003 -26"><span class='ocrx_word' id='word_1_271' title='bbox 138 2707 281 2748; x_wconf 76' lang='lat' dir='ltr'><strong>autem</strong></span> <span class='ocrx_word' id='word_1_272' title='bbox 309 2718 401 2748; x_wconf 76' lang='lat' dir='ltr'><strong>cun</strong></span> <span class='ocrx_word' id='word_1_273' title='bbox 423 2710 597 2773; x_wconf 61' lang='lat' dir='ltr'><strong>partem</strong></span> <span class='ocrx_word' id='word_1_274' title='bbox 626 2703 800 2760; x_wconf 82' lang='lat' dir='ltr'><strong>aggeris</strong></span> <span class='ocrx_word' id='word_1_275' title='bbox 830 2703 1121 2760; x_wconf 73' lang='lat' dir='ltr'><strong>corrupisset,</strong></span> <span class='ocrx_word' id='word_1_276' title='bbox 1158 2703 1338 2746; x_wconf 85' lang='lat' dir='ltr'><strong>necdum</strong></span> <span class='ocrx_word' id='word_1_277' title='bbox 1369 2707 1503 2746; x_wconf 87' lang='lat' dir='ltr'><strong>totum</strong></span> <span class='ocrx_word' id='word_1_278' title='bbox 1532 2700 1738 2744; x_wconf 77' lang='lat' dir='ltr'><strong>valuisset</strong></span> <span class='ocrx_word' id='word_1_279' title='bbox 1767 2700 1985 2757; x_wconf 85' lang='lat' dir='ltr'><strong>pervade-</strong></span> 
     </span>
     <span class='ocr_line' id='line_1_30' title="bbox 138 2756 1983 2819; baseline -0.003 -14"><span class='ocrx_word' id='word_1_280' title='bbox 138 2775 212 2813; x_wconf 89' lang='lat' dir='ltr'><strong>re,</strong></span> <span class='ocrx_word' id='word_1_281' title='bbox 255 2760 379 2805; x_wconf 76' lang='lat' dir='ltr'><strong>illata</strong></span> <span class='ocrx_word' id='word_1_282' title='bbox 408 2761 526 2819; x_wconf 75' lang='lat' dir='ltr'><strong>hgna</strong></span> <span class='ocrx_word' id='word_1_283' title='bbox 554 2775 731 2819; x_wconf 84' lang='lat' dir='ltr'><strong>prorsus</strong></span> <span class='ocrx_word' id='word_1_284' title='bbox 760 2761 1009 2818; x_wconf 70' lang='lat' dir='ltr'><strong>absumpsit.</strong></span> <span class='ocrx_word' id='word_1_285' title='bbox 1070 2764 1130 2805; x_wconf 77' lang='lat' dir='ltr'><strong>At</strong></span> <span class='ocrx_word' id='word_1_286' title='bbox 1157 2762 1255 2804; x_wconf 90' lang='lat' dir='ltr'><strong>dum</strong></span> <span class='ocrx_word' id='word_1_287' title='bbox 1286 2759 1371 2803; x_wconf 88' lang='lat' dir='ltr'><strong>alia</strong></span> <span class='ocrx_word' id='word_1_288' title='bbox 1399 2765 1530 2816; x_wconf 87' lang='lat' dir='ltr'><strong>atque</strong></span> <span class='ocrx_word' id='word_1_289' title='bbox 1558 2757 1643 2802; x_wconf 76' lang='lat' dir='ltr'><strong>aliu</strong></span> <span class='ocrx_word' id='word_1_290' title='bbox 1671 2757 1717 2800; x_wconf 88' lang='lat' dir='ltr'><strong>in</strong></span> <span class='ocrx_word' id='word_1_291' title='bbox 1746 2756 1983 2802; x_wconf 87' lang='lat' dir='ltr'><strong>cuniculum</strong></span> 
     </span>
     <span class='ocr_line' id='line_1_31' title="bbox 139 2813 1984 2914; baseline -0.002 -52"><span class='ocrx_word' id='word_1_292' title='bbox 139 2818 256 2875; x_wconf 76' lang='lat' dir='ltr'><strong>ligna</strong></span> <span class='ocrx_word' id='word_1_293' title='bbox 282 2817 554 2863; x_wconf 85' lang='lat' dir='ltr'><strong>intruduntur</strong></span> <span class='ocrx_word' id='word_1_294' title='bbox 582 2817 675 2862; x_wconf 90' lang='lat' dir='ltr'><strong>sine</strong></span> <span class='ocrx_word' id='word_1_295' title='bbox 704 2818 791 2863; x_wconf 79' lang='lat' dir='ltr'><strong>ulla</strong></span> <span class='ocrx_word' id='word_1_296' title='bbox 821 2817 1157 2870; x_wconf 73' lang='lat' dir='ltr'><strong>intermissione,</strong></span> <span class='ocrx_word' id='word_1_297' title='bbox 1187 2816 1357 2861; x_wconf 90' lang='lat' dir='ltr'><strong>tandem</strong></span> <span class='ocrx_word' id='word_1_298' title='bbox 1385 2814 1525 2860; x_wconf 84' lang='lat' dir='ltr'><strong>omnia</strong></span> <span class='ocrx_word' id='word_1_299' title='bbox 1554 2814 1674 2859; x_wconf 85' lang='lat' dir='ltr'><strong>molis</strong></span> <span class='ocrx_word' id='word_1_300' title='bbox 1702 2813 1874 2859; x_wconf 80' lang='lat' dir='ltr'><strong>viscera</strong></span> <span class='ocrx_word' id='word_1_301' title='bbox 1894 2829 1984 2914; x_wconf 55' lang='lat' dir='ltr'><strong>Ro-</strong></span> 
     </span>
     <span class='ocr_line' id='line_1_32' title="bbox 139 2871 1985 2934; baseline -0.001 -16"><span class='ocrx_word' id='word_1_302' title='bbox 139 2876 317 2934; x_wconf 76' lang='lat' dir='ltr'><strong>puiante</strong></span> <span class='ocrx_word' id='word_1_303' title='bbox 344 2874 461 2932; x_wconf 85' lang='lat' dir='ltr'><strong>igni,</strong></span> <span class='ocrx_word' id='word_1_304' title='bbox 518 2884 644 2919; x_wconf 88' lang='lat' dir='ltr'><strong>noctu</strong></span> <span class='ocrx_word' id='word_1_305' title='bbox 673 2876 810 2919; x_wconf 76' lang='lat' dir='ltr'><strong>fumus</strong></span> <span class='ocrx_word' id='word_1_306' title='bbox 840 2876 1068 2932; x_wconf 85' lang='lat' dir='ltr'><strong>apparuit,</strong></span> <span class='ocrx_word' id='word_1_307' title='bbox 1125 2888 1315 2932; x_wconf 83' lang='lat' dir='ltr'><strong>superne</strong></span> <span class='ocrx_word' id='word_1_308' title='bbox 1344 2873 1507 2918; x_wconf 88' lang='lat' dir='ltr'><strong>tumulo</strong></span> <span class='ocrx_word' id='word_1_309' title='bbox 1538 2871 1834 2916; x_wconf 78' lang='lat' dir='ltr'><strong>circumfusus.</strong></span> <span class='ocrx_word' id='word_1_310' title='bbox 1936 2886 1985 2916; x_wconf 87' lang='lat' dir='ltr'><strong>o-</strong></span> 
     </span>
     <span class='ocr_line' id='line_1_33' title="bbox 139 2930 1985 2990; baseline -0.003 -13"><span class='ocrx_word' id='word_1_311' title='bbox 139 2932 252 2976; x_wconf 67' lang='lat' dir='ltr'><strong>mani</strong></span> <span class='ocrx_word' id='word_1_312' title='bbox 279 2946 387 2977; x_wconf 79' lang='lat' dir='ltr'><strong>vero</strong></span> <span class='ocrx_word' id='word_1_313' title='bbox 417 2939 467 2977; x_wconf 84' lang='lat' dir='ltr'><strong>ut</strong></span> <span class='ocrx_word' id='word_1_314' title='bbox 495 2933 651 2976; x_wconf 80' lang='lat' dir='ltr'><strong>Persas</strong></span> <span class='ocrx_word' id='word_1_315' title='bbox 679 2947 707 2976; x_wconf 86' lang='lat' dir='ltr'><strong>a</strong></span> <span class='ocrx_word' id='word_1_316' title='bbox 734 2932 979 2990; x_wconf 70' lang='lat' dir='ltr'><strong>cognitione</strong></span> <span class='ocrx_word' id='word_1_317' title='bbox 1019 2933 1186 2976; x_wconf 73' lang='lat' dir='ltr'><strong>fraudis</strong></span> <span class='ocrx_word' id='word_1_318' title='bbox 1215 2930 1502 2984; x_wconf 85' lang='lat' dir='ltr'><strong>abducerent,</strong></span> <span class='ocrx_word' id='word_1_319' title='bbox 1550 2935 1683 2974; x_wconf 83' lang='lat' dir='ltr'><strong>artem</strong></span> <span class='ocrx_word' id='word_1_320' title='bbox 1713 2930 1825 2973; x_wconf 85' lang='lat' dir='ltr'><strong>hanc</strong></span> <span class='ocrx_word' id='word_1_321' title='bbox 1854 2944 1985 2973; x_wconf 87' lang='lat' dir='ltr'><strong>exco-</strong></span> 
     </span>
     <span class='ocr_line' id='line_1_34' title="bbox 142 2986 1983 3048; baseline -0.003 -15"><span class='ocrx_word' id='word_1_322' title='bbox 142 2989 349 3046; x_wconf 68' lang='lat' dir='ltr'><strong>gitarunt.</strong></span> <span class='ocrx_word' id='word_1_323' title='bbox 426 2989 586 3034; x_wconf 84' lang='lat' dir='ltr'><strong>Prunis</strong></span> <span class='ocrx_word' id='word_1_324' title='bbox 625 2990 752 3048; x_wconf 83' lang='lat' dir='ltr'><strong>plena</strong></span> <span class='ocrx_word' id='word_1_325' title='bbox 793 2991 966 3034; x_wconf 84' lang='lat' dir='ltr'><strong>vascula</strong></span> <span class='ocrx_word' id='word_1_326' title='bbox 993 2989 1263 3047; x_wconf 71' lang='lat' dir='ltr'><strong>sagittasque</strong></span> <span class='ocrx_word' id='word_1_327' title='bbox 1299 2989 1509 3046; x_wconf 76' lang='lat' dir='ltr'><strong>igniferas</strong></span> <span class='ocrx_word' id='word_1_328' title='bbox 1536 2988 1579 3030; x_wconf 91' lang='lat' dir='ltr'><strong>in</strong></span> <span class='ocrx_word' id='word_1_329' title='bbox 1624 3000 1768 3030; x_wconf 88' lang='lat' dir='ltr'><strong>omnes</strong></span> <span class='ocrx_word' id='word_1_330' title='bbox 1808 2986 1983 3042; x_wconf 75' lang='lat' dir='ltr'><strong>aggeris</strong></span> 
     </span>
     <span class='ocr_line' id='line_1_35' title="bbox 143 3043 1980 3105; baseline -0.002 -16"><span class='ocrx_word' id='word_1_331' title='bbox 143 3052 290 3104; x_wconf 76' lang='lat' dir='ltr'><strong>partes</strong></span> <span class='ocrx_word' id='word_1_332' title='bbox 318 3044 608 3092; x_wconf 66' lang='lat' dir='ltr'><strong>missit-baon</strong></span> <span class='ocrx_word' id='word_1_333' title='bbox 650 3062 758 3105; x_wconf 89' lang='lat' dir='ltr'><strong>quos</strong></span> <span class='ocrx_word' id='word_1_334' title='bbox 790 3049 911 3105; x_wconf 84' lang='lat' dir='ltr'><strong>ignes</strong></span> <span class='ocrx_word' id='word_1_335' title='bbox 941 3047 1129 3099; x_wconf 85' lang='lat' dir='ltr'><strong>Persae,</strong></span> <span class='ocrx_word' id='word_1_336' title='bbox 1170 3046 1414 3104; x_wconf 86' lang='lat' dir='ltr'><strong>quicunque</strong></span> <span class='ocrx_word' id='word_1_337' title='bbox 1442 3044 1512 3088; x_wconf 90' lang='lat' dir='ltr'><strong>hic</strong></span> <span class='ocrx_word' id='word_1_338' title='bbox 1541 3044 1729 3102; x_wconf 83' lang='lat' dir='ltr'><strong>agebant</strong></span> <span class='ocrx_word' id='word_1_339' title='bbox 1759 3043 1980 3096; x_wconf 87' lang='lat' dir='ltr'><strong>excubias,</strong></span> 
     </span>
     <span class='ocr_line' id='line_1_36' title="bbox 145 3101 1984 3163; baseline -0.001 -17"><span class='ocrx_word' id='word_1_340' title='bbox 145 3103 257 3147; x_wconf 71' lang='lat' dir='ltr'><strong>onai</strong></span> <span class='ocrx_word' id='word_1_341' title='bbox 285 3117 368 3163; x_wconf 75' lang='lat' dir='ltr'><strong>ope</strong></span> <span class='ocrx_word' id='word_1_342' title='bbox 396 3112 443 3149; x_wconf 80' lang='lat' dir='ltr'><strong>ct</strong></span> <span class='ocrx_word' id='word_1_343' title='bbox 468 3119 604 3162; x_wconf 84' lang='lat' dir='ltr'><strong>opera</strong></span> <span class='ocrx_word' id='word_1_344' title='bbox 632 3105 941 3162; x_wconf 77' lang='lat' dir='ltr'><strong>extinguebant</strong></span> <span class='ocrx_word' id='word_1_345' title='bbox 965 3103 1350 3156; x_wconf 85' lang='lat' dir='ltr'><strong>circumcursando,</strong></span> <span class='ocrx_word' id='word_1_346' title='bbox 1380 3109 1425 3147; x_wconf 87' lang='lat' dir='ltr'><strong>ct</strong></span> <span class='ocrx_word' id='word_1_347' title='bbox 1451 3102 1552 3146; x_wconf 85' lang='lat' dir='ltr'><strong>inde</strong></span> <span class='ocrx_word' id='word_1_348' title='bbox 1581 3102 1687 3145; x_wconf 89' lang='lat' dir='ltr'><strong>oriri</strong></span> <span class='ocrx_word' id='word_1_349' title='bbox 1717 3101 1872 3144; x_wconf 82' lang='lat' dir='ltr'><strong>sumum</strong></span> <span class='ocrx_word' id='word_1_350' title='bbox 1903 3115 1984 3157; x_wconf 87' lang='lat' dir='ltr'><strong>pu-</strong></span> 
     </span>
     <span class='ocr_line' id='line_1_37' title="bbox 144 3157 1983 3220; baseline -0.002 -17"><span class='ocrx_word' id='word_1_351' title='bbox 144 3159 310 3204; x_wconf 74' lang='lat' dir='ltr'><strong>tabant.</strong></span> <span class='ocrx_word' id='word_1_352' title='bbox 365 3160 589 3207; x_wconf 66' lang='lat' dir='ltr'><strong>Gli-emto</strong></span> <span class='ocrx_word' id='word_1_353' title='bbox 616 3162 698 3207; x_wconf 88' lang='lat' dir='ltr'><strong>iam</strong></span> <span class='ocrx_word' id='word_1_354' title='bbox 733 3171 864 3220; x_wconf 85' lang='lat' dir='ltr'><strong>atque</strong></span> <span class='ocrx_word' id='word_1_355' title='bbox 893 3162 1183 3205; x_wconf 80' lang='lat' dir='ltr'><strong>invalescente</strong></span> <span class='ocrx_word' id='word_1_356' title='bbox 1216 3166 1364 3218; x_wconf 83' lang='lat' dir='ltr'><strong>peste,</strong></span> <span class='ocrx_word' id='word_1_357' title='bbox 1394 3159 1585 3203; x_wconf 70' lang='lat' dir='ltr'><strong>subsidio</strong></span> <span class='ocrx_word' id='word_1_358' title='bbox 1615 3157 1800 3202; x_wconf 87' lang='lat' dir='ltr'><strong>Barbari</strong></span> <span class='ocrx_word' id='word_1_359' title='bbox 1829 3171 1983 3214; x_wconf 85' lang='lat' dir='ltr'><strong>magno</strong></span> 
     </span>
     <span class='ocr_line' id='line_1_38' title="bbox 147 3215 1982 3275; baseline -0.002 -15"><span class='ocrx_word' id='word_1_360' title='bbox 147 3229 320 3260; x_wconf 70' lang='lat' dir='ltr'><strong>numero</strong></span> <span class='ocrx_word' id='word_1_361' title='bbox 343 3226 587 3263; x_wconf 76' lang='lat' dir='ltr'><strong>accurrunt.</strong></span> <span class='ocrx_word' id='word_1_362' title='bbox 644 3220 737 3264; x_wconf 78' lang='lat' dir='ltr'><strong>Eos</strong></span> <span class='ocrx_word' id='word_1_363' title='bbox 759 3219 937 3264; x_wconf 80' lang='lat' dir='ltr'><strong>Romani</strong></span> <span class='ocrx_word' id='word_1_364' title='bbox 968 3235 993 3262; x_wconf 91' lang='lat' dir='ltr'><strong>e</strong></span> <span class='ocrx_word' id='word_1_365' title='bbox 1022 3233 1138 3262; x_wconf 85' lang='lat' dir='ltr'><strong>muro</strong></span> <span class='ocrx_word' id='word_1_366' title='bbox 1167 3219 1267 3262; x_wconf 85' lang='lat' dir='ltr'><strong>telis</strong></span> <span class='ocrx_word' id='word_1_367' title='bbox 1293 3218 1563 3275; x_wconf 85' lang='lat' dir='ltr'><strong>impetentes,</strong></span> <span class='ocrx_word' id='word_1_368' title='bbox 1591 3215 1876 3261; x_wconf 83' lang='lat' dir='ltr'><strong>conficiebant</strong></span> <span class='ocrx_word' id='word_1_369' title='bbox 1895 3228 1982 3257; x_wconf 90' lang='lat' dir='ltr'><strong>non</strong></span> 
     </span>
     <span class='ocr_line' id='line_1_39' title="bbox 148 3274 1982 3334; baseline -0.002 -17"><span class='ocrx_word' id='word_1_370' title='bbox 148 3285 322 3331; x_wconf 77' lang='lat' dir='ltr'><strong>pancos.</strong></span> <span class='ocrx_word' id='word_1_371' title='bbox 378 3274 446 3319; x_wconf 71' lang='lat' dir='ltr'><strong>no</strong></span> <span class='ocrx_word' id='word_1_372' title='bbox 474 3274 638 3321; x_wconf 83' lang='lat' dir='ltr'><strong>demum</strong></span> <span class='ocrx_word' id='word_1_373' title='bbox 667 3278 748 3321; x_wconf 91' lang='lat' dir='ltr'><strong>sub</strong></span> <span class='ocrx_word' id='word_1_374' title='bbox 777 3278 879 3322; x_wconf 80' lang='lat' dir='ltr'><strong>solis</strong></span> <span class='ocrx_word' id='word_1_375' title='bbox 907 3281 1047 3320; x_wconf 88' lang='lat' dir='ltr'><strong>ortum</strong></span> <span class='ocrx_word' id='word_1_376' title='bbox 1076 3276 1172 3334; x_wconf 88' lang='lat' dir='ltr'><strong>ipse</strong></span> <span class='ocrx_word' id='word_1_377' title='bbox 1201 3276 1417 3319; x_wconf 81' lang='lat' dir='ltr'><strong>chosroes</strong></span> <span class='ocrx_word' id='word_1_378' title='bbox 1439 3275 1582 3327; x_wconf 80' lang='lat' dir='ltr'><strong>venit,</strong></span> <span class='ocrx_word' id='word_1_379' title='bbox 1611 3274 1828 3331; x_wconf 83' lang='lat' dir='ltr'><strong>copiarum</strong></span> <span class='ocrx_word' id='word_1_380' title='bbox 1858 3276 1982 3329; x_wconf 86' lang='lat' dir='ltr'><strong>parte</strong></span> 
     </span>
     <span class='ocr_line' id='line_1_40' title="bbox 147 3329 1983 3391; baseline -0.002 -18"><span class='ocrx_word' id='word_1_381' title='bbox 147 3329 330 3374; x_wconf 71' lang='lat' dir='ltr'><strong>maxima</strong></span> <span class='ocrx_word' id='word_1_382' title='bbox 355 3331 556 3389; x_wconf 68' lang='lat' dir='ltr'><strong>sup-tos,</strong></span> <span class='ocrx_word' id='word_1_383' title='bbox 598 3340 730 3391; x_wconf 86' lang='lat' dir='ltr'><strong>atque</strong></span> <span class='ocrx_word' id='word_1_384' title='bbox 758 3334 832 3379; x_wconf 89' lang='lat' dir='ltr'><strong>ubi</strong></span> <span class='ocrx_word' id='word_1_385' title='bbox 860 3332 1108 3377; x_wconf 89' lang='lat' dir='ltr'><strong>conscendit</strong></span> <span class='ocrx_word' id='word_1_386' title='bbox 1128 3334 1347 3387; x_wconf 78' lang='lat' dir='ltr'><strong>tumulum,</strong></span> <span class='ocrx_word' id='word_1_387' title='bbox 1410 3331 1538 3375; x_wconf 83' lang='lat' dir='ltr'><strong>rimus</strong></span> <span class='ocrx_word' id='word_1_388' title='bbox 1562 3331 1659 3374; x_wconf 83' lang='lat' dir='ltr'><strong>mali</strong></span> <span class='ocrx_word' id='word_1_389' title='bbox 1690 3344 1859 3373; x_wconf 87' lang='lat' dir='ltr'><strong>causam</strong></span> <span class='ocrx_word' id='word_1_390' title='bbox 1881 3342 1983 3386; x_wconf 84' lang='lat' dir='ltr'><strong>per-</strong></span> 
     </span>
     <span class='ocr_line' id='line_1_41' title="bbox 146 3384 1983 3443; baseline -0.002 -13"><span class='ocrx_word' id='word_1_391' title='bbox 146 3387 296 3431; x_wconf 72' lang='lat' dir='ltr'><strong>sensit.</strong></span> <span class='ocrx_word' id='word_1_392' title='bbox 354 3386 528 3433; x_wconf 68' lang='lat' dir='ltr'><strong>Fur-um</strong></span> <span class='ocrx_word' id='word_1_393' title='bbox 557 3390 666 3435; x_wconf 78' lang='lat' dir='ltr'><strong>cuim</strong></span> <span class='ocrx_word' id='word_1_394' title='bbox 694 3406 720 3435; x_wconf 93' lang='lat' dir='ltr'><strong>e</strong></span> <span class='ocrx_word' id='word_1_395' title='bbox 747 3391 1040 3436; x_wconf 80' lang='lat' dir='ltr'><strong>debacchante</strong></span> <span class='ocrx_word' id='word_1_396' title='bbox 1067 3391 1220 3434; x_wconf 89' lang='lat' dir='ltr'><strong>subtus</strong></span> <span class='ocrx_word' id='word_1_397' title='bbox 1243 3391 1366 3434; x_wconf 90' lang='lat' dir='ltr'><strong>incen</strong></span> <span class='ocrx_word' id='word_1_398' title='bbox 1399 3389 1456 3443; x_wconf 89' lang='lat' dir='ltr'><strong>io,</strong></span> <span class='ocrx_word' id='word_1_399' title='bbox 1490 3404 1572 3432; x_wconf 91' lang='lat' dir='ltr'><strong>non</strong></span> <span class='ocrx_word' id='word_1_400' title='bbox 1594 3403 1646 3432; x_wconf 89' lang='lat' dir='ltr'><strong>ex</strong></span> <span class='ocrx_word' id='word_1_401' title='bbox 1678 3387 1857 3431; x_wconf 83' lang='lat' dir='ltr'><strong>hostium</strong></span> <span class='ocrx_word' id='word_1_402' title='bbox 1882 3384 1983 3426; x_wconf 83' lang='lat' dir='ltr'><strong>mis-</strong></span> 
     </span>
     <span class='ocr_line' id='line_1_42' title="bbox 147 3442 1983 3493; baseline -0.003 -4"><span class='ocrx_word' id='word_1_403' title='bbox 147 3445 299 3489; x_wconf 75' lang='lat' dir='ltr'><strong>silibus</strong></span> <span class='ocrx_word' id='word_1_404' title='bbox 337 3444 452 3488; x_wconf 79' lang='lat' dir='ltr'><strong>nasci</strong></span> <span class='ocrx_word' id='word_1_405' title='bbox 494 3447 695 3491; x_wconf 84' lang='lat' dir='ltr'><strong>ostendit.</strong></span> <span class='ocrx_word' id='word_1_406' title='bbox 766 3449 871 3493; x_wconf 81' lang='lat' dir='ltr'><strong>Mox</strong></span> <span class='ocrx_word' id='word_1_407' title='bbox 910 3450 1151 3493; x_wconf 83' lang='lat' dir='ltr'><strong>universum</strong></span> <span class='ocrx_word' id='word_1_408' title='bbox 1188 3448 1419 3493; x_wconf 85' lang='lat' dir='ltr'><strong>exercitum</strong></span> <span class='ocrx_word' id='word_1_409' title='bbox 1461 3446 1619 3491; x_wconf 81' lang='lat' dir='ltr'><strong>auxilio</strong></span> <span class='ocrx_word' id='word_1_410' title='bbox 1664 3443 1805 3487; x_wconf 84' lang='lat' dir='ltr'><strong>subire</strong></span> <span class='ocrx_word' id='word_1_411' title='bbox 1847 3442 1983 3484; x_wconf 87' lang='lat' dir='ltr'><strong>iubet.</strong></span> 
     </span>
     <span class='ocr_line' id='line_1_43' title="bbox 149 3497 1981 3564; baseline -0.003 -18"><span class='ocrx_word' id='word_1_412' title='bbox 149 3501 263 3547; x_wconf 76' lang='lat' dir='ltr'><strong>Tun</strong></span> <span class='ocrx_word' id='word_1_413' title='bbox 292 3501 472 3547; x_wconf 74' lang='lat' dir='ltr'><strong>Romi</strong></span> <span class='ocrx_word' id='word_1_414' title='bbox 501 3504 657 3549; x_wconf 83' lang='lat' dir='ltr'><strong>erectis</strong></span> <span class='ocrx_word' id='word_1_415' title='bbox 682 3504 830 3550; x_wconf 82' lang='lat' dir='ltr'><strong>animis</strong></span> <span class='ocrx_word' id='word_1_416' title='bbox 867 3506 912 3549; x_wconf 86' lang='lat' dir='ltr'><strong>in</strong></span> <span class='ocrx_word' id='word_1_417' title='bbox 940 3519 1017 3550; x_wconf 86' lang='lat' dir='ltr'><strong>eos</strong></span> <span class='ocrx_word' id='word_1_418' title='bbox 1039 3514 1245 3564; x_wconf 81' lang='lat' dir='ltr'><strong>torquere</strong></span> <span class='ocrx_word' id='word_1_419' title='bbox 1272 3518 1451 3550; x_wconf 82' lang='lat' dir='ltr'><strong>sannas=</strong></span> <span class='ocrx_word' id='word_1_420' title='bbox 1498 3501 1681 3548; x_wconf 84' lang='lat' dir='ltr'><strong>Barbari</strong></span> <span class='ocrx_word' id='word_1_421' title='bbox 1708 3507 1863 3543; x_wconf 84' lang='lat' dir='ltr'><strong>terram</strong></span> <span class='ocrx_word' id='word_1_422' title='bbox 1893 3497 1981 3548; x_wconf 88' lang='lat' dir='ltr'><strong>alii,</strong></span> 
     </span>
    </p>
   </div>
  </div>
 </body>
</html>
