2254 3814
336 192 458 250 256
1082 193 1416 249 PROCOPII

332 340 520 404 νεκρῶν
558 335 771 403 μέτρον,
831 335 915 386 καὶ
949 327 1105 396 αὖθις
1146 333 1298 388 πάλιν
1337 337 1385 398 ἒς
1419 339 1637 404 μυρίους
1665 356 1719 388 τε
1744 338 1827 388 καὶ
1864 333 2061 390 τούτων
2086 335 2158 389 ἔτι

328 422 531 482 πλείους
557 416 704 487 ἦλθε.
763 417 827 470 τὰ
854 420 947 485 μὲν
968 414 1056 472 οὖν
1082 427 1262 488 πρῶτα
1285 427 1378 490 τῆς
1406 427 1575 490 ταφῆς
1610 420 1764 482 αὗτὸς
1795 421 2006 482 ἕκαστος
2044 423 2157 474 ἒπε-

330 511 526 573 μελεῖτο
556 510 657 557 τῶν
685 503 816 556 κατὰ
854 504 946 571 τὴν
988 507 1148 558 οἰκίαν
1185 513 1400 577 νεκρῶν,
1462 505 1552 567 οὓς
1582 506 1646 572 δὴ
1687 508 1771 558 καὶ
1808 507 1857 567 ἐς
1884 506 2157 572 ἀλλοτρίας

331 589 500 658 θήκας
539 591 807 658 ἐρρίπτουν
843 587 876 656 ’ἢ
914 588 1257 653 λανθάνοντες
1294 591 1326 660 ἢ
1354 590 1669 658 βιαζόμενοι·
1715 591 1882 643 ἔπειτα
1917 592 1971 643 δὲ
1991 589 2157 644 πάντα

329 676 381 726 ἐν
409 673 566 726 ἅπασι
593 671 966 743 ξυνεταράχθη.
1030 678 1211 729 δοῦλοί
1231 699 1285 730 τε
1309 677 1406 746 γὰρ
1435 677 1634 743 ἔμειναν
1660 678 1920 729 δεσποτῶν
1956 676 2151 746 ἔρημοι,
2168 691 2195 733 5

327 759 508 827 ἄνδρες
533 781 586 812 τε
611 759 675 811 τοὶ
699 757 921 828 πρότερα
943 762 1056 814 λίαν
1081 762 1371 828 εὐδαίμονες
1394 768 1484 830 τῆς
1513 766 1615 814 τῶν
1644 764 1848 814 οἰκετῶν
1879 759 2158 830 ὑπουργίας

329 843 359 910 ’ἢ
389 842 677 897 νοσούντων
716 843 748 913 ἢ
776 843 1198 914 τετελευτηκότων
1222 848 1516 918 ἐστέρηντο,
1564 848 1753 899 πολλαί
1773 867 1824 899 τε
1850 848 1999 898 οῗκίαι
2025 869 2157 899 παν·-

326 927 546 983 τάπασιν
595 930 772 999 ἔρημοι
813 929 1105 1000 ἀνθρώπων
1138 933 1378 1001 ἐγένοντο.
1462 931 1539 985 διὸ
1581 929 1644 998 δή
1685 952 1786 984 τισι
1828 932 2008 1000 ξυνέβη
2053 937 2156 984 τῶν

256 1022 297 1065 D
327 1017 592 1084 γνωρίμων
620 1021 683 1086 τῇ
727 1015 915 1090 ἀπορίᾳ
944 1014 1137 1088 ἡμέρας
1177 1018 1371 1080 πολλὰς
1412 1015 1632 1087 ἀτάφοις
1667 1014 1807 1069 εἶναι.
1896 1016 1948 1078 ἔς
1976 1038 2028 1069 τε
2052 1023 2154 1083 βα-

328 1102 470 1153 σιλέα
509 1099 541 1169 ἦ
584 1106 676 1154 τοῦ
715 1099 1013 1170 πράγματος
1046 1100 1298 1171 πρόνοια,
1357 1100 1426 1164 ὥς
1456 1102 1514 1155 τὸ
1558 1102 1715 1166 εἰκὸς,
1758 1097 1906 1170 ἦλθε.
1992 1123 2153 1171 στρα-
2171 1116 2225 1157 10

326 1184 515 1248 τιώτας
551 1180 641 1238 οὗν
678 1187 731 1238 ἐκ
767 1188 1018 1240 παλατίου
1060 1190 1142 1240 καὶ
1173 1186 1417 1258 χρήματα
1458 1189 1631 1254 νείμας
1675 1185 1942 1257 Θεόδωρον
1968 1186 2155 1241 ἐκέλευε

327 1277 420 1325 τοῦ
456 1271 601 1340 ἴργου
637 1268 822 1324 τούτου
854 1273 1229 1339 ἐπιμελεῖσθαι,
1275 1271 1330 1333 ὃς
1368 1272 1432 1339 δὴ
1475 1271 1769 1340 ἀποκρίσεσι
1803 1281 1916 1334 ταῖς
1950 1276 2154 1336 βασιλι-

326 1365 440 1419 καῖς
479 1354 787 1426 ἐφειστήκει,
848 1357 924 1410 ἀεὶ
956 1363 1028 1429 τῷ
1063 1362 1272 1424 βασιλεῖ’
1298 1356 1392 1418 τὰς
1426 1362 1528 1410 τῶν
1565 1357 1738 1409 ἱκετῶν
1763 1355 1953 1425 δεήσεις
1978 1357 2155 1427 ἄγγε’λ-

324 1447 456 1506 λων,
504 1443 764 1509 σημαίνων
805 1463 859 1494 τε
897 1437 1054 1504 αὖθις
1083 1441 1180 1496 ὅσα
1215 1441 1277 1495 ἂν
1305 1442 1444 1515 αὐτῷ
1470 1443 1766 1514 βουλομένῳ
1793 1442 1883 1511 εἴη.
1975 1442 2155 1514 ῥαιφε-

325 1524 590 1597 ρενδάριον
617 1532 681 1597 τῇ
707 1529 957 1581 Λατίνων
981 1534 1126 1599 φωνῇ
1152 1527 1242 1596 τὴν
1264 1527 1415 1596 τιμὴν
1439 1525 1632 1596 ταύτην
1661 1533 1873 1580 καλοῦσι
1892 1525 2147 1594 Ῥωμαῖοι.
2169 1539 2221 1582 15

323 1609 398 1673 οἷς
425 1613 517 1679 μὲν
558 1606 648 1665 οὗν
687 1611 829 1666 οὔπω
857 1611 1182 1667 παντάπασιν
1222 1615 1274 1675 ἐς
1306 1615 1518 1684 ἐρημίαν
1545 1610 1905 1679 ἐμπεπτωκότα
1931 1613 1998 1666 τὰ
2021 1615 2152 1667 κατὰ

319 1697 413 1764 τὴν
440 1698 603 1750 οἰκίαν
633 1695 896 1768 ἐτύγχανεν
912 1740 929 1765 ,
979 1699 1124 1752 αὐτοὶ
1149 1699 1350 1753 ἕκαστοι
1375 1698 1469 1760 ’τὰς
1495 1703 1598 1751 τῶν
1626 1696 1987 1767 προσηκόντων
2012 1700 2152 1752 ἑποι-

141 1795 175 1837 Ρ
210 1793 292 1836 146
322 1788 471 1836 οὕντο
494 1779 683 1853 ταφάς.
776 1781 1046 1854 Θεόδωρος
1078 1786 1133 1837 δὲ
1162 1782 1227 1837 τά
1252 1805 1305 1837 τε
1327 1784 1579 1849 βασιλέως
1607 1783 1780 1845 διδοὺς
1798 1781 2044 1853 χρήματα
2067 1787 2152 1837 καὶ

317 1867 383 1920 τὰ
413 1870 570 1920 οῗκεΐα
609 1872 1032 1937 προσαναλίσκων
1069 1870 1190 1931 τοὺς
1225 1869 1643 1938 ἀπημελημένους
1675 1875 1777 1922 τῶν
1805 1875 1993 1939 νεκρῶν
2019 1868 2148 1924 ἔθα-

318 1975 455 2006 πτεν.
546 1953 651 2005 ἐπεὶ
683 1954 737 2006 δὲ
779 1954 872 2016 τὰς
910 1952 1082 2022 θήκας
1115 1952 1321 2016 ἁπάσας
1333 1995 1348 2018 ,
1408 1955 1470 2006 αἳ
1490 1952 1736 2023 πρότερον
1761 1948 1894 2021 ἦσαν
1904 1995 1920 2019 ,
1962 1956 2150 2022 ἓμπίμ-
2164 1962 2254 2005 ΞΟ.

317 2043 555 2091 πλασθαι
591 2043 694 2092 τῶν
734 2045 924 2110 νεκρῶν
962 2040 1158 2110 ἔτυχεν,
1214 2040 1261 2092 οἳ
1304 2040 1360 2092 δὲ
1405 2037 1707 2109 ὀρύσσοντες
1745 2037 1948 2092 ἅπαντα
1971 2041 2151 2111 ἐφεξῆς

318 2123 384 2176 τὰ
411 2123 544 2195 ἀμφὶ
567 2123 662 2192 τὴν
683 2121 828 2178 πόλιν
851 2127 1044 2198 χωρία,
1091 2122 1322 2178 ἐνταῦθά
1351 2146 1404 2178 τε
1427 2125 1548 2187 τοὺς
1573 2122 1896 2194 θνήσκοντας
1936 2147 2148 2179 κατατι-

432 2277 474 2320 1.
504 2267 678 2330 αὖθις]
709 2267 774 2319 αὖ
811 2276 862 2318 L.
1010 2278 1077 2320 10.
1110 2268 1226 2331 ἦλθε
1248 2299 1306 2306 -
1326 2272 1559 2327 Ἰσαάκιος
1605 2275 1680 2332 (p.
1709 2274 1790 2320 148
1810 2273 1888 2331 d.)
1931 2290 2011 2319 om.
2041 2276 2146 2322 HLz
2220 2286 2241 2311 ι’

429 2332 588 2375 habent
617 2334 709 2375 AV.
769 2333 819 2376 In
879 2347 1007 2376 aucos
1039 2346 1188 2376 versus
1225 2333 1440 2376 contraxit
1467 2332 1562 2376 RV.
1710 2335 1778 2376 12.
1808 2332 1867 2388 δὴ
1900 2334 1952 2376 V.
2011 2331 2061 2377 δὲ
2093 2336 2145 2380 Ρ.

432 2391 502 2433 13.
544 2386 647 2445 ἀεὶ]
692 2391 784 2435 αἰεὶ
867 2424 878 2435 .
1038 2390 1105 2435 14.
1145 2388 1530 2447 ραιφερενδοὶριον
1568 2391 1623 2433 V.
1694 2389 2051 2445 ῥεφερενδιὶριον
2094 2393 2145 2436 Ρ.

428 2448 498 2492 16.
528 2444 660 2492 οὔπω
689 2450 740 2491 Ρ.
799 2446 932 2493 εἷπον
962 2449 1054 2494 AV.
1195 2451 1264 2493 20.
1294 2447 1644 2504 ἐμπίμπλασθαι
1670 2449 1723 2493 V.
1753 2446 2068 2505 ἐμπίπλασθαι
2094 2451 2146 2496 Ρ.

315 2574 538 2626 excrevit3
583 2579 684 2632 post
713 2577 838 2620 etiam
870 2576 925 2619 ad
954 2577 1100 2621 decem
1131 2576 1288 2631 millia,
1329 2578 1453 2622 immo
1487 2582 1532 2621 et
1562 2590 1706 2634 supra.
1764 2576 1982 2635 Principio
2024 2581 2145 2621 certe

305 2643 410 2674 suos
451 2632 631 2689 quisque
662 2633 918 2677 domesticos
963 2635 1056 2677 vita
1095 2636 1265 2678 functos
1303 2636 1562 2692 sepeliebat:
1604 2649 1711 2691 quos
1739 2634 1888 2690 utique
1933 2635 2071 2677 aliena
2099 2635 2145 2677 in
2239 2671 2242 2674 ,

305 2688 549 2731 conditoria
595 2697 670 2733 aut
708 2692 855 2733 furtim
887 2700 964 2735 aut
996 2706 1073 2748 per
1105 2693 1190 2735 vim
1219 2692 1466 2736 iaciebant:
1508 2700 1554 2735 at
1583 2693 1720 2734 omnia
1752 2692 2012 2748 postmodum
2044 2706 2145 2734 con-
2229 2700 2252 2728 ι*

302 2746 398 2787 fusa
431 2747 769 2802 perturbataque
798 2755 908 2791 sunt.
940 2750 1052 2792 Nam
1083 2755 1127 2792 et
1156 2750 1269 2792 servi
1300 2751 1440 2795 orbati
1470 2749 1649 2792 dominis
1677 2762 1933 2798 remansere,
1963 2756 2007 2792 et
2025 2748 2143 2792 cives

302 2810 432 2845 antea
464 2804 791 2846 fortunatissimi
838 2808 892 2848 ab
923 2807 1080 2849 officiis
1119 2807 1368 2850 famulorum
1411 2807 1572 2850 deserti
1611 2814 1737 2859 sunt,
1778 2820 1872 2848 cum
1911 2806 1941 2847 ii
1985 2806 2143 2864 partim

303 2867 615 2912 aegrotarent,
649 2862 802 2916 partim
834 2869 1013 2906 naturae
1041 2865 1148 2906 satis
1178 2865 1393 2907 fecissent.
1454 2865 1684 2907 Desolatae
1715 2863 1883 2920 penitus
1913 2870 2036 2906 erant
2065 2864 2143 2906 do'-

300 2930 395 2959 mus
429 2917 690 2972 permultae:
735 2919 845 2961 unde
875 2921 1034 2972 fiebat,
1074 2927 1124 2963 ut
1157 2923 1347 2964 nonnulli
1379 2935 1484 2978 prae
1514 2922 1839 2964 domesticorum
1872 2925 1916 2962 et
1945 2933 2144 2962 necessa-

313 2972 471 3015 riorum
508 2975 684 3029 penuria
715 2976 808 3017 dies
839 2977 1039 3032 plurimos
1073 2977 1276 3032 insepulti
1305 2978 1508 3021 iacerent.
1567 2977 1678 3020 Huic
1709 2978 1770 3019 rei
1802 2977 2063 3032 providens,
2094 2982 2142 3019 ut

311 3043 392 3084 par
437 3037 560 3082 erat,
603 3035 848 3087 Augustus,
895 3034 1008 3076 datis
1053 3049 1078 3075 e
1118 3036 1279 3090 palatio
1316 3035 1522 3077 militibus
1563 3042 1608 3076 et
1638 3033 1840 3090 pecunia,
1881 3033 2142 3089 provinciam

310 3088 545 3130 Theodoro
577 3088 864 3142 demandavit.
924 3092 967 3132 Is
999 3091 1190 3148 Principi
1221 3107 1245 3134 a
1270 3092 1488 3148 responsis
1518 3096 1637 3142 erat,
1679 3092 1733 3133 ad
1762 3090 1897 3145 ipsum
1928 3091 2142 3146 postulata
2207 3095 2248 3133 -·i

311 3144 549 3200 supplicum
595 3146 817 3198 deferens,
857 3147 1134 3202 e‘usdemque
1176 3150 1335 3203 placita
1375 3149 1645 3191 renuntians:
1687 3162 1810 3203 quem
1844 3147 2140 3203 magistratum

312 3201 491 3243 Romani
536 3201 689 3244 Latina
730 3218 838 3245 voce
878 3204 1228 3247 Referendarium
1279 3206 1513 3262 appellant.
1583 3204 1774 3254 Quorum
1817 3204 1951 3260 igitur
1993 3205 2140 3247 domus

310 3259 493 3300 nondum
534 3259 712 3301 viduata
755 3266 850 3302 erat
889 3262 1080 3312 omnino,
1122 3262 1287 3303 illorum
1329 3261 1510 3318 quisque
1546 3261 1800 3317 propinquis
1839 3261 1926 3303 suis
1955 3262 2139 3304 tumulos

311 3316 513 3358 faciebat.
575 3316 830 3359 Theodorus
871 3325 1008 3360 autem
1051 3319 1267 3373 pecuniam
1308 3319 1584 3374 Imperatoris
1623 3325 1668 3360 et
1707 3319 1830 3360 aliam
1869 3319 2045 3375 insuper
2084 3319 2139 3361 de

312 3387 391 3415 suo
431 3372 669 3429 elargiens‚
712 3375 923 3417 cadavera
974 3374 1143 3430 inopum
1193 3375 1403 3417 humanda
1453 3376 1644 3417 curabat.
1712 3376 1943 3431 Postquam
1984 3375 2136 3427 omnia,

314 3444 590 3486 quaecunque
621 3430 740 3487 prius
767 3432 885 3474 facta
915 3433 1146 3479 extabant,
1184 3433 1407 3487 sepulchra
1438 3439 1483 3475 et
1509 3433 1750 3475 conditoria
1786 3434 1959 3475 mortuis
1987 3434 2137 3488 opple-

312 3492 359 3531 ta
386 3494 511 3540 sunt3
541 3494 629 3531 tum
655 3487 725 3542 iis,
756 3489 835 3547 qui
862 3503 1004 3533 omnes
1033 3489 1298 3533 continenter
1325 3503 1454 3547 agros
1482 3490 1577 3534 urbi
1604 3490 1896 3534 circumiectos
1916 3489 2136 3534 fodiebant

2226 3022 2250 3048 ’“.
2214 2945 2251 3007 2'2.
2219 2842 2250 2910 ’,ἓν
2246 2822 2248 2828 .
2239 2750 2251 2809 ψ...

2227 3516 2231 3523 “
2220 3436 2241 3485 θ’·
2218 3315 2245 3397 fis*
2232 3274 2248 3289 'i
2215 3148 2250 3247 ’Ὗς
