2184 3822
297 262 377 315 20
1043 251 1372 305 PROCOPII

117 411 158 453 V
186 411 273 456 230
303 401 523 453 ἐπιοῦσιν
543 390 860 459 ὑπαντιάζειν
884 387 1021 464 πάσῃ
1047 392 1313 466 προθυμία
1335 389 1508 460 ἠξίουν
1526 429 1542 456 ,
1589 386 1616 442 ὃ
1648 387 1703 441 δὲ
1742 384 1929 449 αὐτοὺς
1950 385 2040 454 μέν
2065 383 2117 439 ἵν

296 507 351 555 γε
372 490 444 558 τῷ
470 481 684 550 παρόντι
709 477 936 532 ἐκώλυεν.
992 477 1134 531 οὔπω
1151 478 1248 548 γὰρ
1277 478 1436 547 σαφές
1462 497 1510 528 τι
1534 474 1666 544 ἀμφὶ
1693 478 1754 543 τῇ
1779 470 1947 543 ἐφόδῳ
1973 474 2118 538 ἴσχυ-

235 585 275 626 c
305 572 463 640 ρι’ζετο
492 566 742 637 γεγονέναι
765 563 964 633 σφίσιν,
1013 563 1115 616 ἐπεὶ
1149 564 1197 616 οἳ
1219 563 1420 632 Πέρσαι
1460 560 1530 612 ἔτι
1553 560 1605 610 ἐν
1629 563 1692 628 γῇ
1722 562 1783 627 τῇ
1817 558 1974 629 οἰκεία
1996 577 2118 625 τυγ-

290 652 539 723 χάνουσιν
579 649 740 710 ὄντες·
786 647 950 714 μένων
977 647 1032 701 δὲ
1069 645 1226 701 αὐτοῦ
1260 647 1420 699 ἐποίει·
1443 642 1581 698 τάδε.
1666 644 1718 695 ἐν
1756 646 1828 712 τῷ
1853 642 2037 712 πεδίῳ,
2082 633 2118 710 ᾗ

293 738 515 807 ἤμελλον
536 734 738 804 Πέρσαι
763 733 814 794 ἐς
836 732 902 786 τὰ
917 731 1246 803 Ἔφθαλιτῶν
1266 731 1375 800 ἤθη
1406 725 1683 797 ἐσβάλλειν,
1725 724 1900 795 χώραν
1927 723 2162 793 πολλήν5

296 844 413 875 τινα
450 822 529 873 ἐπὶ
569 824 805 872 πλεῖστον
842 817 1108 888 ἀποτεμὼν
1138 815 1337 888 τάφρον
1380 811 1646 884 εῗργάσατο
1687 809 1908 878 βαθεῖάν
1949 832 2003 862 τε
2037 812 2122 862 καὶ
2156 851 2162 855 .

297 907 479 975 εὔρους
526 905 711 965 ἱκανῶς
747 901 992 970 ἔχουσαν,
1053 903 1219 972 ὀλίγον
1253 900 1364 954 τινὰ
1397 902 1449 952 ἐν
1484 897 1624 969 μέσῳ
1667 896 1919 966 ἀκραιφνῆ
1950 899 2122 964 χῶρον

299 990 561 1044 ἀπολιπών
588 986 710 1043 ὅσον
732 989 903 1042 ἵππων
930 985 1032 1062 ὁδῷ
1073 988 1303 1056 ἐπαρκεῖν
1342 984 1477 1038 δέκα.
1568 978 1831 1048 καλάμους
1864 1001 1917 1032 τε
1940 986 2004 1050 τῇ
2029 977 2123 1032 τά-
2152 992 2159 1036 '1

148 1092 186 1135 P
217 1091 273 1136 12
302 1097 419 1148 φρῳ
438 1073 662 1145 ὕπερθεν
686 1073 877 1134 ἐπιθεὶς
906 1075 989 1126 καὶ
1024 1076 1119 1142 γῆν
1144 1073 1222 1124 ἐπὶ
1248 1070 1368 1131 τοὺς
1396 1064 1659 1134 καλάμους
1683 1062 2121 1133 συναμησάμενος,
2163 1140 2166 1142 .

295 1159 461 1231 ταύτῃ
489 1161 730 1226 ἐπιπολῆς
760 1156 996 1229 ἔκρυψεν,
1049 1155 1256 1210 Οὕννων
1277 1176 1330 1208 τε
1357 1159 1428 1227 τῷ
1456 1151 1615 1224 ὁμίλῳ
1641 1151 1941 1214 ἐπέστελλεν,
1989 1151 2120 1202 ἐπει-
2154 1229 2157 1232 ,

299 1247 396 1301 ῢιὶν
422 1245 628 1298 ἐνθένδε
651 1243 811 1296 ὀπίσω
837 1237 1128 1295 ἀπελαύνειν
1154 1241 1400 1308 μέλλωσι,
1449 1237 1534 1290 διὰ
1553 1233 1727 1307 χώρου
1751 1240 1843 1288 τοῦ
1865 1235 2050 1305 χέρσου
2074 1235 2125 1295 ἐς
2156 1276 2157 1283 ,

299 1332 498 1400 ὀλίγους
535 1333 672 1400 σφᾶς
709 1324 1088 1397 συναγαγόντας
1112 1323 1470 1394 σχολαιτέρους
1503 1321 1658 1386 ἴέναι,
1706 1319 2150 1391 φυλασσο,ιιε’νουςΔ

299 1415 440 1476 ὅπως
465 1414 538 1482 μὴ
581 1415 631 1474 ἐς
653 1412 718 1464 τὰ
747 1411 1036 1480 ἐσκαμμένα
1074 1412 1390 1478 ἐμπίπτοιεν·
1436 1405 1558 1468 τοὺς
1582 1406 1637 1457 δὲ
1664 1404 1792 1467 ἅλας
1835 1404 1994 1473 ἄκρου
2028 1425 2125 1474 ση-
2160 1423 2162 1428 ·

296 1501 441 1568 μείου
478 1503 569 1551 τοῦ
604 1496 863 1563 βασιλείου
903 1494 1276 1564 ἀπεκρέμασεν,
1353 1494 1404 1554 ἐς
1445 1490 1535 1552 οὓς
1578 1490 1669 1543 τὸν
1706 1489 1856 1560 ὅρκον
1893 1488 2144 1561 Περόζηςτ

299 1584 468 1650 ὤμοσε
492 1579 758 1651 πρότερον,
800 1573 870 1633 ὧν
896 1580 960 1648 δὴ
985 1577 1242 1649 ἀλογήσας
1263 1579 1344 1630 ἐπὶ
1379 1575 1604 1636 Οῧννους
1626 1573 1969 1645 ἐστράτευσεν.
2030 1575 2153 1636 ἕως·

297 1670 391 1737 μὲν
417 1661 507 1721 οὗν
534 1667 587 1719 ἐν
611 1669 676 1735 τῇ
704 1669 766 1735 γῇ
793 1669 857 1735 τῇ
883 1663 1103 1738 σφετέρα
1129 1664 1249 1725 τοὺς
1274 1662 1544 1730 πολεμίους
1563 1659 1744 1728 ἤκουεν
1774 1657 1913 1726 εἶναι,
1959 1658 2127 1731 ἡσυχῇ

297 1754 514 1821 ἔμενεν,
541 1751 643 1803 ἐπεὶ
670 1750 724 1802 δὲ
748 1749 935 1811 αὐτοὺς
975 1751 1027 1811 ἐς
1065 1753 1117 1803 Γ
1111 1748 1246 1818 οργὼ
1278 1745 1426 1800 πόλιν
1461 1745 1655 1813 ἔμαθεν
1694 1745 1973 1815 ἀφικέσθαι
1997 1746 2128 1815 πρὸς
2159 1813 2162 1819 .

295 1843 402 1891 τῶν
427 1831 793 1899 κατασκόπων,
840 1832 968 1903 ’ἥπερ
992 1834 1044 1886 ἐν
1069 1843 1178 1895 τοῖς
1203 1830 1432 1900 ἐσχάτοις
1466 1835 1685 1901 Περσῶν
1711 1828 1868 1900 ὁρίοις
1896 1828 2128 1900 τυγχάνει
2148 1822 2165 1876 s

231 1934 271 1977 B
302 1917 452 1988 οὖσα,
499 1918 705 1974 ἐνθένδε
738 1939 793 1971 τε
819 1918 1202 1987 ἀπαλλαγέντας
1230 1914 1354 1970 ὀδοῦ
1389 1917 1466 1968 ἐπὶ
1491 1921 1627 1987 σφᾶς
1649 1914 1749 1983 ἤδη
1780 1915 1922 1981 ἴέναι,
1971 1915 2146 1977 αὐτὸς

297 2008 391 2076 μὲν
415 2010 488 2079 τῷ
514 2005 703 2058 πλειόνι
726 2008 932 2076 στρατῷ
954 2008 1046 2071 τῆς
1074 2004 1276 2074 τάφρου
1308 2000 1447 2063 ἐντὸς
1469 1999 1670 2068 ἔμεινεν,
1698 2000 1894 2068 ὀλίγους
1917 2001 1972 2053 δὲ
1996 2000 2139 2068 πε’μ--ν
2159 2067 2162 2075 1

299 2107 438 2159 ψας,
483 2090 716 2162 ὀφθῆναι
755 2089 847 2157 μὲν
888 2097 996 2150 τοῖς
1029 2089 1274 2149 ἐναντίοις
1309 2087 1362 2139 ἐν
1400 2090 1472 2159 τῷ
1503 2087 1658 2158 πεδίῳ
1692 2085 1880 2138 ἐκέλευε
1922 2085 2163 2156 unxerint„

301 2175 528 2242 ἄποθεν,
576 2172 838 2246 ὀφθέντας
865 2174 920 2226 δὲ
954 2169 1113 2241 μόνον
1137 2170 1244 2226 εἶτα
1269 2171 1366 2226 ἀντὶ
1392 2167 1578 2243 κράτος
1614 2166 1813 2241 φεύγειν
1841 2169 2027 2238 ὀπίσω,
2071 2172 2125 2224 ἐν

410 2355 484 2401 22.
516 2347 726 2410 ἄποθεν]
752 2349 945 2400 ἄπωθεν
972 2354 1009 2397 L
1042 2352 1110 2399 hic
1138 2356 1182 2398 et
1208 2364 1250 2412 p.
1283 2353 1354 2407 2⁶2,
1384 2353 1427 2399 8.

300 2516 424 2562 rent,
455 2507 669 2552 dimissam
696 2509 829 2552 fuisse
859 2510 1105 2566 conquesti,
1135 2507 1406 2551 nihilominus
1429 2505 1648 2574 parabant
1674 2506 2002 2563 promptissimis
2031 2505 2102 2549 ani
2133 2533 2143 2566 2

299 2568 381 2610 mis
410 2566 525 2609 hosti
556 2579 799 2609 occurrere.
859 2567 947 2609 Sed
985 2567 1125 2609 vetuit
1153 2566 1196 2608 in
1227 2570 1471 2622 praesentia
1497 2563 1617 2615 Rex,
1661 2563 1877 2605 affirmans
1906 2578 1954 2606 se
1984 2564 2036 2605 de
2063 2564 2142 2615 ir-;

299 2624 499 2680 ruptione
528 2622 755 2664 Persarum
784 2622 887 2665 nihil
915 2623 1013 2666 dum
1042 2624 1203 2666 habere
1231 2621 1464 2678 explorati,
1506 2633 1599 2662 cum
1639 2621 1782 2662 adhuc
1809 2635 1908 2663 suos
1936 2634 1983 2664 se
2010 2620 2143 2666 intra*

301 2681 460 2723 limites
496 2682 708 2721 tenerent.
765 2679 918 2734 Itaque
958 2681 1072 2723 haud
1113 2681 1226 2722 ultra
1262 2691 1459 2728 movenS,
1499 2676 1608 2718 haec
1637 2677 1910 2732 praemolitus
1938 2683 2017 2722 est.
2074 2677 2112 2719 1·

303 2750 481 2793 campo,
520 2749 606 2791 qua
644 2735 802 2778 Persae
842 2735 1004 2791 patrias
1035 2736 1381 2792 Ephthalitarum
1408 2732 1533 2776 sedes
1560 2733 1797 2787 ingressuri
1827 2740 1979 2787 erant,
2025 2738 2134 2790 spaj

301 2794 409 2844 tium
437 2805 631 2847 magnum
657 2791 941 2844 intercidens,
967 2794 1122 2835 fossam
1151 2793 1274 2835 duxit
1302 2791 1540 2835 altitudinis
1569 2790 1893 2846 latitudinisque
1921 2792 2138 2848 ingentis

303 2849 456 2893 relicta
483 2847 529 2889 in
556 2847 692 2891 medio
722 2847 881 2904 exigua
907 2849 1229 2906 intercapedine
1254 2855 1400 2892 terrae
1432 2861 1516 2890 non
1542 2847 1776 2898 subactae,
1814 2854 1974 2903 quanta
1999 2849 2101 2891 suffi
2127 2850 2129 2853 '

307 2911 429 2950 ceret
457 2904 580 2960 equis
609 2905 782 2956 decem,
819 2905 891 2961 qui
928 2907 1141 2950 frontibus
1169 2906 1364 2963 aequatis
1389 2904 1519 2947 irent.
1578 2904 1794 2959 Impositis
1822 2906 1978 2948 deinde
2008 2906 2102 2948 cala
2118 2910 2120 2915 '

305 2962 410 3014 mis,
463 2966 509 3004 et
558 2961 624 3003 his
662 2968 918 3017 supergesta
956 2963 1078 3005 humo
1116 2965 1284 3006 foveam
1321 2960 1595 3013 obcaecavit,
1643 2962 1896 3004 Hunnorum
1944 2969 2126 3005 turma
2155 2971 2159 2979 '

308 3033 422 3076 quae
448 3031 502 3060 ex
530 3017 727 3060 ulteriori
766 3025 910 3060 tractu
939 3033 1201 3062 conversura
1227 3033 1392 3062 cursum
1421 3021 1546 3069 erat,
1590 3018 1886 3074 praecipiens,
1915 3025 1972 3061 -ut
2000 3019 2043 3061 in
2083 3019 2126 3060 ··.L

302 3073 572 3126 interstitio,
608 3074 724 3131 quod
750 3075 932 3117 solidum
960 3076 1306 3131 relinquebatur,
1333 3075 1564 3117 densarent
1590 3074 1761 3116 ordines
1788 3076 2030 3132 lentiusque
2058 3076 2103 3119 in

295 3132 538 3184 cederent,
579 3145 635 3174 ne
674 3131 719 3172 in
758 3132 913 3175 fossam
942 3133 1280 3187 prolaberentur.
1335 3133 1476 3188 Ipsum
1506 3131 1634 3173 etiam
1663 3146 1688 3173 e
1717 3131 1862 3174 vexilli
1887 3134 1999 3188 regii
2027 3147 2094 3175 cu
2117 3149 2123 3151 -

310 3189 414 3247 pide
441 3187 572 3231 salem
599 3188 846 3243 suspendit,
883 3203 962 3245 per
991 3203 1114 3244 quem
1143 3190 1330 3232 Perozes
1358 3193 1460 3230 ante
1486 3186 1729 3239 iuraverat,
1768 3194 1812 3230 et
1849 3204 1971 3244 quem
2001 3203 2126 3235 mo

311 3250 610 3295 contemnens,
647 3244 758 3288 bello
797 3245 974 3288 Hunnos
1011 3247 1258 3302 appetebat.
1315 3247 1436 3299 Ergo
1471 3244 1619 3286 tandiu
1658 3244 1753 3286 Rex
1780 3245 2110 3299 Ephtbalitaru

309 3315 407 3347 sese
435 3300 665 3352 continuit,
706 3301 803 3343 dum
832 3302 946 3344 fama
972 3302 1057 3345 fuit
1084 3304 1248 3345 hostem
1276 3316 1407 3358 agere
1430 3301 1473 3343 in
1501 3314 1578 3343 suo
1606 3315 1753 3356 regno.
1818 3303 1950 3346 Simul
1985 3309 2098 3346 ante
2122 3346 2126 3350 ,

312 3360 370 3403 ab
415 3357 757 3414 exploratoribus
796 3357 973 3410 didicit,
1022 3360 1178 3401 Persas
1211 3359 1407 3413 attigisse
1448 3358 1628 3412 Gorgo,
1665 3360 1811 3400 urbem
1854 3359 1897 3400 in
1935 3359 2108 3403 extrem'

313 3414 498 3465 Perside
523 3415 730 3470 positam,
760 3412 930 3471 iamque
950 3414 1069 3457 illinc
1098 3417 1314 3471 profectos
1342 3420 1492 3471 petere
1514 3414 1810 3470 Ephthalitas3
1840 3415 1931 3472 ipse
1953 3416 2106 3473 quide*

318 3486 412 3515 cum
441 3478 565 3529 parte
592 3469 809 3526 copiarum
834 3471 1016 3514 maxima
1044 3473 1106 3515 cis
1132 3474 1289 3514 fossam
1313 3471 1531 3522 substitit3
1572 3485 1734 3528 paucos
1772 3487 1875 3515 vero
1914 3474 2057 3516 emitte
2106 3485 2115 3506 ί
2148 3490 2174 3507 ··

315 3528 442 3574 iussit
469 3528 513 3573 in
542 3533 819 3586 conspectum
845 3527 950 3572 dare
976 3542 1024 3573 se
1056 3529 1247 3574 hostibus
1271 3529 1423 3587 procul
1463 3528 1509 3572 in
1547 3542 1719 3586 campo,
1759 3543 1857 3573 mox
1894 3531 1941 3574 in
1977 3531 2070 3587 fug
