2098 3874
213 220 295 256 xu
670 206 766 258 CL.
809 200 1157 256 MALTRETI
1198 201 1547 257 EPISTOLA.

214 356 386 404 derent
420 372 603 405 novum
638 364 803 421 petere
840 354 1140 418 Concilium,
1177 356 1262 419 qui
1296 356 1443 404 toties
1478 355 1820 405 Tridentinum
1855 356 2020 404 risere.

215 440 361 500 Quod
395 439 436 487 si
470 439 619 488 hodie
666 446 836 486 coetus
875 438 1113 486 eiusmodi
1144 439 1475 504 indiceretur3
1535 441 1784 502 Sorbona‚
1841 439 2021 488 Acade-

212 525 420 572 miarum
456 524 664 587 Regina,
701 539 866 570 secum
900 531 1163 588 reputans,
1202 533 1385 588 quanta
1422 541 1534 574 cum
1568 526 1711 574 laude
1744 524 1901 589 ipsius
1937 542 2023 572 co-

209 609 344 656 mitia
379 607 759 673 temperaveris,
797 609 979 673 procul
1014 608 1165 656 dubio
1203 609 1457 673 suaderet,
1493 618 1552 658 ut
1586 609 1871 675 amplissimi
1906 626 2023 656 con-

204 708 363 742 sessus
400 693 623 756 cognitor
661 692 926 756 optaretis,
979 693 1334 741 reluctantibus
1369 693 1488 746 licet
1521 691 1861 742 defensoribus
1897 693 2024 741 Gra-

203 778 331 838 tiae,
387 778 491 824 fato
529 777 744 841 quodam
779 775 1120 826 ineluctabilis.
1208 777 1437 826 Vinceret
1475 793 1699 826 assensus
1735 778 2021 839 Echesue‚

204 877 328 924 quae
363 859 418 907 in
451 867 542 908 tuo
579 878 690 925 erga
726 878 776 909 se
809 862 975 910 studio
1011 861 1284 926 plurimum
1319 861 1489 926 ponit:
1523 876 1684 927 neque
1705 860 1899 924 ignorat
1932 877 2021 909 sua

200 945 459 1005 interesse,
520 954 580 994 ut
614 946 898 996 memoriam
952 947 1151 995 virtutis
1199 946 1418 1011 inclytae
1453 946 1606 995 emori
1639 945 1840 994 minime
1878 945 2025 996 sinat·

206 1029 370 1089 Quare
419 1030 512 1078 sibi
548 1029 887 1079 charissimum
927 1032 1187 1079 Secmmm
1234 1045 1417 1078 nomen
1452 1029 1552 1078 suis
1588 1028 1895 1078 consecrabit
1931 1046 2023 1077 an-

206 1114 427 1177 nalibus,
485 1122 535 1163 et
569 1115 785 1180 egregiae
818 1115 875 1163 in
911 1116 1085 1164 Sedem
1121 1113 1453 1181 Apostolicam
1488 1114 1826 1163 observantiae
1861 1130 2022 1163 exem-

135 1240 137 1242 ,
205 1200 346 1264 plum
391 1199 671 1266 posteritati
718 1208 978 1265 proponet.
1049 1199 1151 1247 Nos
1198 1215 1317 1247 vero
1365 1197 1559 1246 minimi
1605 1206 1771 1247 tantae
1804 1199 2021 1265 parentis

204 1283 323 1346 filii,
360 1283 536 1348 quibus
569 1283 668 1334 hoc
701 1284 969 1350 impensius
1005 1285 1166 1346 faves,
1206 1300 1304 1347 quo
1339 1281 1559 1346 iniquius
1586 1282 1646 1331 ab
1683 1283 1818 1331 illius
1853 1284 2022 1334 adver-

203 1367 342 1417 sariis
378 1368 622 1433 petimur,
682 1367 803 1433 quid
837 1385 940 1415 non
978 1367 1309 1428 efficeremus;
1367 1367 1410 1415 si
1445 1376 1494 1416 et
1527 1369 1810 1432 promeritis
1842 1369 1896 1416 in
1931 1385 2023 1417 nos

202 1453 330 1516 tuis,
396 1460 444 1501 et
483 1461 680 1501 nostrae
729 1467 842 1516 erga
888 1452 955 1499 Te
1001 1452 1249 1501 voluntati
1299 1468 1392 1516 par
1442 1452 1655 1501 facultas
1703 1453 2021 1519 suppeteret?

200 1537 442 1602 Equidem
476 1537 608 1600 scio,
655 1553 857 1598 eorum,
898 1536 1193 1600 quibuscum
1227 1533 1371 1594 vivo,
1421 1535 1663 1584 neminem
1699 1555 1846 1603 opera
1883 1554 2023 1602 egere

198 1639 332 1684 mea,
384 1629 443 1669 ut
479 1637 578 1685 quo
615 1621 680 1669 sit
714 1620 875 1668 animo
910 1619 1189 1684 patefaciat.
1262 1617 1511 1678 Quoniam
1543 1628 1707 1669 tamen
1740 1621 2022 1687 interpretis

198 1722 406 1768 munus,
465 1703 601 1753 haud
651 1703 772 1752 adeo
808 1704 867 1752 ab
903 1702 999 1751 hac
1042 1720 1150 1752 mea
1186 1703 1526 1752 mediocritate
1572 1705 1754 1768 ingenii
1789 1706 2022 1768 alienum,

199 1791 420 1855 suscepi3
494 1788 578 1836 hic
622 1787 745 1837 mihi
794 1789 941 1836 liceat
982 1788 1196 1836 maxime
1244 1789 1518 1837 communia
1564 1789 1694 1838 inter
1739 1808 1831 1838 nos
1880 1807 2020 1838 sensa

198 1875 370 1941 paucis
418 1890 679 1939 exponere.
760 1873 951 1921 Certius
988 1872 1238 1921 enimvero
1282 1888 1441 1920 meam
1487 1889 1546 1921 ac
1592 1875 1849 1923 Sociorum
1885 1892 2020 1923 men..

197 1966 326 2021 tem,
376 1975 521 2025 quam
555 1957 819 2022 Procopii,
870 1956 1081 2005 hominis
1118 1956 1338 2018 externi,
1391 1965 1564 2023 totque
1603 1959 1781 2007 abhinc
1814 1961 2022 2009 saeculis

197 2043 411 2104 mortui,
471 2042 746 2108 explicabo.
817 2041 1153 2106 Quaecunque
1187 2041 1242 2089 in
1292 2041 1427 2104 Toga
1471 2058 1728 2106 supremus
1763 2062 1891 2109 apex
1932 2044 2023 2094 tri-

197 2127 449 2176 bunalium
481 2126 728 2192 postulat,
785 2141 840 2173 ea
874 2143 967 2174 nos
1017 2143 1204 2174 summa
1237 2126 1292 2173 in
1328 2125 1397 2174 Te
1431 2125 1668 2175 miramur
1704 2127 1892 2192 omnia,
1944 2128 2023 2175 11.-

196 2228 518 2262 Lusrmssme
557 2212 917 2261 CANCELLARIE.
998 2210 1076 2259 Ex
1107 2210 1297 2259 iudicio
1333 2217 1422 2259 tuo
1457 2210 1869 2261 existimationem
1905 2229 2023 2278 pen-

198 2296 313 2345 dere
348 2304 566 2343 nostram
598 2303 846 2361 putamus.
917 2293 975 2342 In
1009 2294 1378 2359 benevolentia,
1427 2312 1524 2359 qua
1559 2297 1690 2345 tueri
1724 2314 1816 2345 nos
1855 2305 1903 2345 et
1937 2315 2019 2344 co-

198 2380 460 2428 honestare
498 2397 601 2428 non
638 2380 850 2438 desinis,
910 2379 1321 2444 conquiescimus.
1409 2380 1674 2444 Nunquam
1710 2381 1899 2447 pigebit
1932 2380 2020 2429 ho-

198 2466 312 2515 nori
348 2474 436 2513 tuo
471 2464 669 2532 servire.
743 2463 787 2512 A
822 2465 891 2512 Te
926 2464 1105 2511 collata
1141 2463 1193 2511 in
1227 2463 1491 2512 universos
1524 2465 1796 2529 benignitas
1822 2466 1891 2514 ita
1922 2465 2020 2515 sin-

196 2551 340 2615 gulos
370 2549 552 2611 afficit,
604 2557 664 2597 ut
699 2566 804 2596 eam
831 2566 924 2614 pro
962 2565 1012 2596 se
1047 2547 1254 2612 quisque
1292 2564 1406 2597 cum
1439 2550 1606 2615 palam
1632 2550 1766 2615 apud
1798 2550 2020 2598 homines

196 2634 473 2700 praedicet,
539 2639 642 2681 tum
680 2633 917 2698 privatim
962 2640 1310 2682 commemoret
1353 2635 1581 2699 Superis,
1643 2652 1700 2682 ac
1735 2635 2022 2700 perdiutur·

195 2736 311 2767 nam
344 2725 579 2784 precetur
614 2717 725 2766 Tibi
759 2717 1165 2767 incolumitatem.
1233 2717 1366 2765 Haec
1400 2733 1516 2767 vere
1550 2718 1862 2785 profitetuto‘f

333 2828 705 2879 ILLUSTRISS.
743 2829 1159 2880 AMPLITUDINI
1198 2827 1387 2893 TUAE,

196 2940 384 2988 Tolosae
414 2952 471 2979 v1.
503 2938 600 2980 Kal.
630 2939 787 2982 Octob.

309 3000 384 3042 ΑΒ.
413 3009 459 3038 n.
489 3009 562 3038 no.
593 3009 679 3038 nxx.

1081 3055 1412 3104 Deditissimus
1458 3062 1506 3102 et
1552 3052 2015 3119 obsequentissimus

1147 3125 1525 3174 CLAUDIUS
1561 3124 1663 3173 MA
1678 3125 2013 3174 LTRETUS

1149 3213 1177 3245 e
1211 3197 1451 3246 Societate
1483 3196 1614 3246 JEsU.
