2254 3814
351 207 472 264 206
1098 206 1430 260 PROCOPII

519 348 762 420 Αὕγαρος
798 341 859 416 ἦν
905 368 980 409 τις
1016 347 1067 399 ἐν
1116 356 1224 410 τοῖς
1272 347 1377 402 ἄνω
1405 343 1608 418 χρόνοις
1637 345 1877 416 Ἐδέσσης
1911 345 2171 419 τοπάρχης
2253 415 2254 418 ¹

349 431 522 507 (οὕτω
559 435 655 503 γὰρ
694 432 815 494 τούς
854 432 984 485 κατὰ
1009 431 1161 494 ἔθνος
1182 439 1409 499 βασιλεῖς
1444 438 1720 502 τηνικαῦτα
1747 431 2010 504 ἐκάλουν).
2059 432 2084 486 ὃ
2114 434 2169 486 δὲ
2211 429 2218 432 “
2253 430 2254 433 ¹

344 518 589 588 Αὕγαρος
618 511 768 579 οὗτος
793 515 1133 580 ξυνετώτατος
1160 517 1366 588 ἐγεγόνει
1391 525 1494 573 τῶν
1520 517 1640 571 κατ’
1678 517 1836 571 αὐτὸν
1875 515 2169 588 ἀνθρώπων

347 601 615 666 ἁπάντων,
664 605 746 654 καὶ
779 602 872 655 ἀπ’
913 604 1074 656 αὐτοῦ
1113 609 1317 670 βασιλεῖ’
1351 601 1637 676 Αὐγούστῳ
1666 604 1717 665 ἐς
1740 603 1805 656 τοὶ
1831 601 2056 671 μάλιστα
2082 604 2169 674 φί-
2212 600 2218 604 ”

346 693 450 748 λος.
519 686 791 749 ἔνσπονδος
839 688 937 757 γὰρ
985 686 1249 756 Ῥωμαίοις
1299 688 1423 742 εἶναι
1459 686 1769 757 βουλόμενος
1804 689 1855 750 ἐς
1886 686 2082 757 Ῥώμην
2115 700 2211 746 τε5

344 771 551 842 ἀφίκετο
568 813 585 838 ,
633 775 716 824 καὶ
749 778 820 846 τῷ
859 772 1149 847 Αὐγούστῳ
1180 777 1229 837 ἐς
1268 773 1447 844 λόγους
1485 773 1621 844 ἥκων
1650 771 1783 826 οὕτω
1809 775 1871 842 δὴ
1899 773 2053 826 αὐτὸν
2081 778 2172 841 τῆς

344 857 587 919 ξυνέσεως
618 863 691 931 τῷ
729 857 950 929 περιόντι
996 861 1255 928 ἐξέπληξεν
1302 859 1430 914 ὥστε
1475 859 1640 913 οὐκέτι
1695 857 1854 911 αὐτοῦ
1889 859 2172 924 μεθιέσθαι

280 942 317 985 Β
346 941 649 1011 Αὔγουστος
686 949 776 1013 τῆς
819 947 1087 1007 ξυνουσίας
1113 943 1380 1012 ἐβούλετο,
1428 945 1551 998 ἀλλ’
1578 939 1642 1014 ἦν
1667 964 1720 996 τε
1748 942 1908 996 αὐτοῦ
1935 948 2027 1012 τῆς
2057 940 2171 1010 ὅμι-

346 1028 460 1088 λίας
495 1027 652 1090 εὗθυς
690 1027 935 1097 διάπυρος
979 1031 1196 1101 ἐραστης
1229 1033 1341 1096 καὶ,
1400 1030 1598 1083 ἐπειδὰν
1633 1025 1856 1096 ἐντύχοι,
1903 1025 2171 1081 ἀπαλλάσ-

345 1117 533 1166 σεσθαι
558 1113 716 1167 αυτοῦ
744 1115 947 1184 οὐδαμῆ
972 1115 1141 1183 ἤθελε.
1199 1113 1388 1186 χρόνος
1414 1111 1504 1170 οὖν
1532 1114 1672 1188 αὐτῷ
1708 1115 1760 1166 ἐν
1785 1110 1947 1184 ταύτῃ
1985 1113 2049 1182 δὴ
2074 1133 2167 1166 συ-
2183 1121 2254 1178 10,

341 1198 464 1264 χνός
486 1203 550 1270 τῇ
577 1199 839 1274 ἀποδημία
873 1203 1062 1270 ἐτρίβη.
1130 1204 1218 1253 καί
1252 1223 1373 1254 ποτε
1398 1202 1448 1262 ἐς
1474 1199 1584 1270 ἤθη
1619 1195 1809 1268 πάτρια
1831 1200 2024 1252 ἐθέλων
2047 1198 2172 1252 ἴέναι
2226 1190 2230 1194 ”

346 1284 541 1336 πείθειν
578 1306 631 1336 τε
670 1285 760 1338 τὸν
781 1285 1087 1355 Αὔγουστον
1112 1291 1344 1352 μεθεῖναι
1381 1285 1535 1338 αὐτὸν
1560 1282 1628 1346 ὥς
1649 1282 1830 1353 ἥκιστα
1857 1283 2008 1351 ἔχων,
2057 1285 2170 1337 ἐπε-
2240 1351 2242 1353 ‚

343 1365 446 1421 νόει
475 1366 613 1426 τάδε,
676 1369 863 1439 ἐστάλη
888 1372 981 1439 μέν
1007 1368 1076 1432 ὥς
1101 1368 1451 1440 κυνηγετήσων
1473 1371 1524 1432 ἐς
1551 1369 1618 1423 τὰ
1642 1370 1723 1422 ἐπὶ
1748 1365 1943 1438 Ῥώμης
1977 1370 2169 1438 χωρί·α
2163 1369 2165 1371 ’
2225 1349 2240 1376 ³

166 1457 203 1495 V
233 1457 318 1500 302
346 1453 560 1520 μελέτην
594 1476 691 1523 γαρ
716 1459 826 1525 περὶ
854 1462 1017 1509 ταῦτα
1045 1455 1558 1524 κατεσπουδασμένην
1597 1454 1709 1508 τινὰ
1735 1451 2000 1523 ἐτύγχανεν
2024 1454 2167 1522 έχων.

342 1539 548 1608 περιιών
574 1541 630 1591 δὲ
646 1537 824 1609 χώραν
850 1541 1042 1610 πολλὴν
1066 1541 1227 1610 συχνὰ
1258 1547 1360 1595 τῶν
1384 1542 1542 1612 ἐκείνῃ
1566 1542 1767 1646 θηρίων
1794 1542 1956 1604 ζῶντα
1978 1538 2165 1610 ἐθηρα,
2187 1538 2254 1596 15·

343 1626 429 1675 καὶ
459 1629 587 1691 χοῦν
623 1647 677 1677 εκ
721 1631 813 1693 τῆς
844 1633 936 1697 γῆς
982 1625 1401 1696 ξυναμησάμενος
1431 1627 1604 1698 ἔφερεν
1640 1628 1694 1678 ἐκ
1727 1622 1904 1696 χώρας
1926 1623 2170 1694 ἑκάστης·

345 1707 480 1762 οὕτω
516 1731 570 1762 τε
604 1711 849 1779 ἐπανῆκεν
881 1715 947 1775 εἷς
982 1709 1210 1782 Ῥώιιην,
1270 1710 1359 1766 τόν
1396 1733 1449 1766 τε
1483 1717 1610 1781 χοῦν
1634 1710 1810 1764 καὶτὰ
1835 1709 2042 1781 θηριά’
2026 1711 2170 1779 ε’χων.

278 1799 315 1840 C
347 1817 372 1846 ο
401 1816 494 1861 μεν
524 1816 613 1848 ουν
649 1795 956 1866 Αὔγουστος
992 1799 1042 1859 ἐς
1071 1798 1161 1851 τὸν
1201 1796 1519 1868 ἱππόδρομον
1553 1796 1750 1864 ἀναβὰς
1786 1793 2010 1865 ἐκάθητο
2041 1789 2171 1868 ᾗπερ
2236 1785 2254 1906 ὲ

344 1877 543 1945 εἰώθει,
588 1880 835 1952 Αυγαρος
878 1884 936 1936 δέ
967 1904 1014 1934 οι
1049 1904 1099 1944 ες
1132 1882 1254 1951 όψιν
1290 1882 1426 1951 η’κων
1465 1879 1559 1951 τήν
1597 1903 1650 1935 τε
1674 1886 1767 1952 γῆν
1796 1883 1880 1933 καὶ
1915 1881 1980 1934 τὰ
2007 1883 2171 1952 θηρία
2232 1930 2254 1982 4

344 1965 586 2031 ἐπέδειξε,
634 1967 923 2037 καταλέγων
961 1968 1015 2020 ἐκ
1047 1969 1199 2030 ποίας
1238 1989 1362 2021 ποτε
1393 1964 1567 2039 χώρας
1599 1965 1633 2036 η’
1671 1988 1724 2020 τε
1760 1971 1823 2035 γῆ
1861 1963 2048 2036 ἑκάστη
2085 1988 2168 2020 και
2182 1976 2241 2021 20

343 2071 448 2103 των
485 2052 686 2120 θηρίων
717 2054 830 2106 τίνα
867 2075 990 2107 ποτε
1028 2075 1121 2122 ειη.
1189 2052 1357 2106 ε’πειτα
1381 2053 1473 2122 τὴν
1500 2053 1593 2120 μεν
1623 2057 1715 2121 γῆν
1740 2051 1898 2120 α’λλην
1921 2051 2050 2123 αλλῃ
2076 2057 2170 2106 τοῦ

187 2151 228 2192 H
259 2151 312 2194 65
349 2135 690 2207 ἷπποδρομιόυ
713 2139 899 2192 ἐκέλευε
924 2138 1150 2205 θέσθαι,
1208 2136 1377 2192 πάντα
1405 2139 1459 2191 δὲ
1481 2139 1532 2201 ἐς
1554 2136 1713 2191 razim}
1739 2135 1804 2190 τὰ
1825 2139 1989 2209 θηρία
2017 2142 2171 2201 ξυνα-

465 2317 503 2358 1.
534 2310 765 2370 Αὕγοιρος]
800 2316 1012 2358 Eusebius
1039 2317 1096 2359 H.
1129 2317 1181 2359 Ε.
1214 2315 1352 2369 1,13.
1394 2315 1650 2358 Hossscnm..
1794 2315 1900 2359 ibid.
1927 2310 2168 2371 Ἐδέσσης]

452 2371 644 2439 Ἐδέσης
678 2374 714 2414 P
746 2373 814 2415 hic
844 2381 888 2416 et
917 2374 1031 2416 infla
1059 2379 1317 2418 constanter.
1375 2375 1511 2416 Recte
1541 2370 1699 2443 duplici
1727 2371 1860 2428 sigma
1888 2374 2001 2429 apud
2032 2374 2168 2416 Euse-

459 2429 588 2473 bium.
708 2434 777 2475 10.
807 2429 855 2475 ἐν
879 2445 959 2475 om.
991 2431 1041 2474 L.
1159 2434 1227 2476 15.
1253 2430 1472 2489 περιιων]
1501 2427 1674 2485 περιών
1702 2429 1755 2472 L

459 2584 564 2627 Fuit
603 2584 698 2627 olim
727 2585 921 2628 Edessae
958 2587 1167 2643 toparcha
1207 2586 1305 2643 (sic
1351 2586 1436 2629 illis
1475 2585 1736 2654 temporibus
1776 2584 2035 2640 singularum
2064 2600 2170 2641 gen-

345 2643 450 2686 tium
490 2643 664 2697 regulos
706 2645 1016 2700 appellabant)
1068 2647 1266 2701 Augarus
1307 2644 1501 2701 quidam,
1539 2644 1608 2686 vir
1649 2644 1760 2686 inter
1801 2642 1988 2684 homines
2017 2642 2170 2686 aetatis

345 2714 453 2743 suae
483 2701 862 2754 prudentissimus,
892 2701 1075 2757 ideoque
1105 2703 1148 2744 in
1177 2702 1325 2758 primis
1355 2701 1494 2744 clarus
1536 2703 1729 2757 Augusto
1757 2698 2024 2756 Imperatori.
2064 2701 2172 2743 Ete-
2239 2718 2254 2745 κ

345 2757 432 2799 nim
465 2757 638 2799 Romam
669 2759 890 2823 profectus
919 2763 1014 2809 est,
1057 2759 1197 2802 icendi
1230 2758 1419 2802 foederis
1458 2758 1606 2826 gratia
1640 2773 1731 2800 cum
1761 2757 1983 2800 Romanis:
2015 2757 2089 2799 ubi
2115 2757 2170 2799 il-
2243 2775 2246 2778 ·

343 2814 431 2856 lum
462 2814 516 2856 ad
547 2813 802 2869 colloquium
846 2817 1061 2869 Augustus
1102 2816 1300 2867 admisit,
1344 2817 1535 2859 eximiam
1565 2815 1648 2858 viri
1675 2815 1924 2871 sapientiam
1954 2814 2061 2858 adeo
2091 2813 2170 2856 mi-

343 2877 463 2914 ratus
503 2876 593 2924 est,
635 2877 682 2912 ut
720 2871 863 2912 statim
901 2885 992 2914 cum
1024 2888 1073 2914 eo
1104 2848 1351 2916 familiarius
1393 2888 1524 2930 agere
1552 2873 1821 2916 vehementer
1850 2870 2060 2926 cupierit,
2090 2886 2168 2914 ne-

343 2942 428 2984 que
457 2928 593 2983 ipsum
622 2927 679 2970 sit
711 2941 858 2982 passus
889 2943 914 2970 a
942 2929 1190 2984 quotidiano
1221 2945 1359 2974 secum
1389 2946 1464 2974 usu
1492 2928 1661 2973 abduci.
1719 2930 1854 2971 Certe
1881 2901 2063 2970 abeundi
2092 2942 2171 2971 ve-
2239 2950 2254 2965 a

342 2986 454 3027 niam
480 2985 646 3041 petenti
676 2986 846 3027 abnuit·
879 2998 962 3040 quo
993 2987 1151 3029 factum
1180 2994 1273 3042 est,
1303 2994 1354 3030 ut
1382 2987 1420 3030 is
1447 3002 1472 3030 a
1501 2987 1640 3043 patria
1669 2989 1771 3027 tunc
1798 2983 1983 3027 abfuerit
2012 2985 2170 3028 diutis-

343 3043 462 3087 sime.
523 3043 659 3092 Quam
690 3042 915 3098 aliquando
946 3057 1038 3085 cum
1059 3045 1278 3087 ardentius
1308 3045 1542 3100 cogitaret,
1571 3057 1650 3085 nec
1679 3041 1964 3084 dimissionem
1994 3042 2048 3085 ab
2077 3047 2168 3085 Au·

340 3105 469 3155 gusto
499 3099 731 3155 impetrare
771 3104 942 3154 posset,
984 3101 1094 3142 hanc
1124 3108 1256 3144 artem
1289 3101 1568 3157 excogitavit.
1623 3099 1673 3141 In
1702 3099 1986 3141 suburbanum
2015 3113 2166 3154 agrum

342 3169 540 3213 egressus
580 3156 634 3198 ad
663 3155 953 3225 venationem,
992 3157 1035 3198 in
1065 3172 1150 3214 qua
1178 3172 1225 3201 se
1254 3158 1463 3214 peculiari
1490 3156 1634 3199 studio
1663 3161 1942 3206 exercuerat,
1971 3170 2166 3211 magnum

340 3218 527 3256 tractum
555 3212 689 3265 obiit,
722 3226 772 3254 ac
782 3212 925 3254 vivas
954 3213 1014 3255 ibi
1046 3216 1162 3268 cepit
1192 3215 1432 3271 complures
1461 3215 1602 3266 feras,
1638 3227 1806 3280 unaque
1835 3227 1860 3255 e
1898 3213 2075 3268 singulis
2102 3214 2169 3256 lo-
2237 3227 2254 3250 <⁴

343 3270 429 3322 cis,
464 3270 510 3312 in
541 3269 694 3326 quibus
736 3270 946 3325 agebant,
986 3270 1139 3313 effodit
1167 3273 1360 3324 humum;
1401 3285 1524 3328 quam
1556 3285 1648 3314 cum
1678 3269 1782 3312 feris
1822 3270 2048 3322 deferens,
2077 3269 2167 3313 Ro·
2243 3277 2254 3303 -'·

341 3341 450 3370 mam
470 3328 622 3395 rediit.
681 3326 905 3382 Ingressus
945 3333 1083 3370 autem
1126 3329 1298 3371 Circum
1338 3332 1553 3395 Augustus
1596 3328 1639 3369 in
1679 3341 1756 3369 suo
1800 3326 1994 3370 consedit
2030 3327 2164 3369 solio.

342 3392 431 3427 tum
469 3384 512 3426 in
553 3392 826 3440 conspectum
858 3385 1033 3427 veniens
1073 3386 1301 3441 Augarus‚
1343 3393 1499 3428 terram
1541 3376 1603 3426 illi
1643 3399 1694 3427 ac
1722 3386 1838 3427 seras
1877 3383 2090 3435 ostendit,
2121 3389 2166 3426 et

345 3443 466 3484 cuius
505 3456 697 3498 quaeque
737 3446 857 3483 terra
895 3441 1186 3509 ag1·i‚·cuius
1226 3457 1420 3510 quaeque
1457 3443 1551 3485 fera
1589 3447 1767 3485 naturae
1804 3448 1918 3483 esset
1946 3440 2164 3508 explicuit.

347 3499 531 3542 Terram
574 3498 728 3543 deinde
766 3499 890 3542 aliam
931 3498 1033 3542 alibi
1072 3499 1240 3557 disponi
1277 3499 1323 3542 in
1360 3500 1514 3553 Circo,
1554 3504 1599 3542 et
1635 3500 1751 3543 feras
1789 3513 1918 3542 unum
1956 3498 2163 3541 inlocum
