2254 3814
339 130 375 186 3
385 129 460 186 16
1089 130 1420 184 PROCOPII

336 272 442 325 ἐπεὶ
477 271 533 324 δὲ
563 268 596 339 ἦ
628 268 777 339 κυρία
814 273 1010 339 παρῆν,
1045 267 1306 341 Ἀλάριχος
1342 271 1435 338 μὲν
1456 266 1592 324 ἅπαν
1622 269 1887 335 ἓξοπλίσας
1910 273 1970 328 τὸ
1997 271 2159 345 στρά-

333 378 496 423 τευμα
533 353 602 416 ὡς
632 355 682 415 ἐς
715 352 807 422 τὴν
842 353 1030 425 ἔφοδον
1062 356 1114 409 ἐν
1150 360 1447 427 παρασκευῇ
1477 353 1603 424 εἶχεν
1638 355 1851 426 ι’ίγχιστα
1875 356 2037 428 πύλης
2064 365 2158 427 τῆς

334 440 625 511 Σαλαριάς·
688 438 919 493 ἐνταῦθα
954 439 1052 511 γὰρ
1091 438 1704 510 ἐνστρατοπεδευσάμενος
1740 447 1833 511 τῆς
1867 446 2158 514 πολιορκίας

333 526 452 581 κατ’
479 523 639 595 ἀρχὰς
665 521 822 592 ξ’τυχε.
881 521 1165 594 ξῦμπαντες
1189 527 1244 579 δὲ
1272 527 1322 580 οἱ
1347 527 1537 580 νεανίαι
1564 531 1724 600 καιρῷ
1749 532 1844 595 τῆς
1869 525 2061 598 ἡμέρας
2082 534 2157 602 τῷ

334 610 631 682 ξυγκειμένῳ
670 610 722 671 ἐς
743 605 936 678 ταύτην
959 610 1023 680 δὴ
1047 611 1141 680 τὴν
1168 608 1332 680 πύλην
1354 607 1609 682 γενόμενοι
1630 609 1751 674 τούς
1770 633 1824 665 τε
1849 610 2082 683 φύλακας
2105 615 2198 667 ἓκ5

333 701 427 749 τοῦ
463 695 718 766 αἲφνιδίου
758 692 1060 759 ἐπελθόντες
1100 695 1329 760 ἅπαντας
1361 695 1608 762 ἔκτειναν,
1651 694 1746 760 τοῖς
1766 718 1818 751 τε
1842 695 2007 760 πύλας
2030 698 2158 751 ἄνα-

332 781 588 843 κλίναντες
617 779 736 834 κατ’
768 781 998 844 ἐξουσίαν
1028 777 1292 854 Ἀλάριχόν
1328 802 1382 835 τε
1415 784 1500 835 καὶ
1538 781 1632 852 τὴν
1657 782 1903 854 στρατιὰν
1931 789 1995 854 τῇ
2019 780 2160 837 πόλει

332 866 566 928 ἐδέξαντο
579 907 596 931 ,
642 867 692 919 οἳ
727 867 783 919 δὲ
822 864 915 929 τάς
939 889 992 920 τε
1020 869 1180 930 οἰκίας
1210 866 1519 937 ἐνέπρησαν,
1565 867 1628 921 αἳ
1642 874 1734 936 τῆς
1759 865 1921 937 πύλης
1945 867 2159 938 ἶίγχιστα

270 972 308 1014 Β
338 945 487 1020 ἦσαν,
536 952 587 1005 ἔν
614 948 694 1014 αἶς
716 945 778 1020 ἦν
802 954 884 1005 καὶ
907 950 939 1022 ἦ
965 954 1302 1021 Σαλουστίου,
1346 959 1440 1007 τοῦ
1458 951 1725 1022 Ῥωμαίοις
1743 952 1803 1007 τὸ
1826 954 2043 1007 παλαιὸν
2067 953 2159 1022 τὴν
2252 965 2254 1028 ξ

331 1037 560 1107 ἱστορίαν
603 1035 929 1107 γράψαντος,
974 1031 1038 1107 ἧς
1082 1038 1145 1108 δὴ
1195 1038 1261 1092 τοὶ
1306 1043 1516 1092 πλεῖστα
1558 1036 1818 1108 ἡμίκαυτοι
1858 1040 1942 1092 καὶ
1983 1039 2034 1101 ἐς
2073 1039 2160 1107 ἐμὲ
2176 1029 2254 1113 10(

332 1122 524 1192 ἕστηκε.
611 1120 706 1190 τήν
740 1144 795 1176 τε
829 1119 976 1176 πόλιν
1008 1122 1131 1192 ὅλην
1170 1120 1572 1192 ληισᾶμενοι,καὶ
1588 1120 1849 1191 Ῥωμαίων
1873 1123 1995 1186 τούς
2018 1125 2160 1178 πλεί-
2253 1116 2254 1131 ἶ

332 1229 488 1270 στους
514 1209 907 1278 διαφθείραντες
930 1205 1107 1279 πρόσω
1135 1206 1374 1279 ἐχώρουν.
1463 1204 1577 1261 τότε
1598 1208 1826 1278 λέγουσιν
1851 1210 1903 1262 ἓν
1918 1206 2159 1281 Ῥαβέννῃ

324 1291 552 1367 Ὅνωρίῳ
599 1298 672 1366 τῷ
720 1298 925 1359 βασιλεῖ
963 1299 1066 1347 τῶν
1102 1315 1218 1347 τινα
1255 1288 1507 1361 εὐνούχων
1545 1290 1780 1363 δηλονότι
1817 1291 2159 1364 ὄρνιθοκόμον

330 1377 552 1449 ἀγγεῖλαι
586 1376 665 1431 ὅτι
704 1378 766 1446 δὴ
799 1375 966 1447 Ῥώμη
1010 1375 1259 1433 ἀπόλωλε.
1344 1380 1430 1432 καὶ
1465 1377 1556 1432 τὸν
1596 1376 1960 1448 ἅναβοήσαντα
1999 1377 2160 1451 φάναι

328 1505 370 1530 ,,
388 1465 573 1517 Καίτοι
602 1462 810 1533 ἔναγχος
834 1461 1068 1532 ἔδῆδοκεν
1097 1465 1151 1517 ἐκ
1172 1468 1357 1535 χειρῶν
1380 1455 1483 1518 τῶν
1514 1464 1667 1532 ἐμῶν.
1685 1470 1727 1496 “
1813 1462 1938 1518 εἶναι
1973 1462 2070 1535 γάρ
2110 1465 2155 1518 οἱ
2174 1472 2227 1516 15

330 1546 640 1620 ἀλεκτρυόνα
671 1546 1020 1620 ὑπερμεγέθη,
1073 1547 1272 1619 Ῥώμην
1307 1548 1500 1618 ὄνομα,
1553 1551 1639 1603 καὶ
1672 1548 1762 1603 τόν
1793 1551 1887 1618 μέν
1920 1548 2158 1618 εὐνοῦχον

329 1633 538 1698 ξυνέντα
570 1639 662 1687 τοῦ
693 1632 846 1704 λόγου
872 1635 1023 1688 εἰπεῖν
1039 1632 1239 1705 Ῥώμην
1266 1634 1359 1703 τὴν
1383 1631 1530 1689 πόλιν
1562 1634 1692 1705 πρὸς
1716 1634 1987 1706 Ἀλαρίχου
2025 1635 2158 1689 ἀπο-

328 1720 556 1773 λωλέναι.
646 1718 970 1791 ἄνενεγκόντα
991 1722 1046 1774 δὲ
1079 1721 1168 1774 τὸν
1191 1720 1408 1788 βασιλέα
1445 1718 1723 1788 ὑπολαβεῖν
1763 1719 1950 1786 ,,Ἀλλ’
1985 1719 2153 1790 ἔγωγε,

328 1799 369 1859 ὦ
412 1803 604 1875 ἑταῖρε,
637 1802 836 1875 Ῥώμην
867 1828 956 1874 μοι
986 1806 1301 1860 ἀπολωλέναι
1324 1806 1419 1874 τὴν
1442 1804 1581 1876 ὄρνιν
1606 1803 1849 1882 ᾠήθηνέ(
1929 1803 2158 1878 τοσαύτῃ

326 1889 533 1964 ἀμαθίᾳ
555 1890 644 1943 τὸν
665 1892 880 1956 βασιλέα
903 1897 1086 1945 τοῦτον
1116 1890 1324 1959 ἔχεσθαι
1352 1891 1565 1961 λέγουσι.
2164 1898 2225 1941 20

497 1977 644 2038 Τινὲς
672 1977 727 2028 δὲ
755 1976 848 2045 οὐχ
875 1975 1011 2030 οὕτω
1031 1973 1228 2046 Ῥώμην
1263 1976 1514 2050 Ἀλαρίχῳ
1542 1973 1740 2029 ὖλῶναί
1768 1994 1954 2045 φασιν,
2022 1973 2155 2027 ἀλλὰ

322 2057 542 2134 Πρόβην
581 2070 822 2131 γυναῖκα,
867 2059 1072 2137 πλούτῳ
1103 2083 1155 2116 τε
1191 2063 1276 2116 καὶ
1303 2059 1427 2134 δόξῃ
1453 2060 1505 2115 ἕν
1536 2081 1590 2130 γε
1615 2065 1679 2131 τῇ
1701 2057 1962 2127 Ῥωμαίων
1984 2064 2153 2132 βουλῇ

434 2182 691 2227 1.7.17.21.
711 2179 850 2238 ’At—J
877 2182 1014 2238 Vuigo
1036 2179 1196 2227 ’Au-.
1311 2182 1352 2226 1.
1378 2177 1536 2251 ἅπανὶ
1546 2176 1732 2224 ἅπαντα
1743 2180 1794 2225 1..
1910 2182 1952 2224 6.
1975 2177 2155 2232 „anav-

431 2255 513 2290 τας
530 2237 731 2283 ἔκτειναν
743 2239 887 2296 Reg.“
915 2239 1066 2284 Mam·-
1115 2237 1387 2286 ἀπέκτειναν
1399 2239 1450 2283 Ρ.
1503 2234 1671 2285 oezoevt’
1694 2237 2153 2283 k'nmvavAam.sec.

527 2312 553 2339 τ

433 2350 559 2399 ἅπαν
590 2352 791 2399 ἔκτειναν
819 2354 870 2397 1..
926 2349 1113 2400 ἅπαντα
1142 2352 1348 2400 ἔκτειναν
1375 2353 1474 2398 Hm.
1587 2354 1660 2399 21.
1689 2349 1837 2409 οὕτω]
1866 2348 2017 2404 οὕτως
2043 2351 2094 2395 L.

320 2472 558 2524 gnaverat,
602 2467 752 2525 copias
780 2482 952 2521 omnes,
993 2483 1111 2513 arma
1139 2467 1320 2526 perinde
1358 2469 1495 2513 iussas
1523 2467 1726 2520 induere,
1769 2481 1821 2511 ac
1847 2466 1884 2510 si
1912 2473 2002 2510 tum
2039 2471 2154 2509 esset

321 2526 586 2578 abeundum,
628 2527 823 2582 proxime
854 2532 1018 2584 portam
1049 2526 1258 2570 Saiariam
1288 2526 1332 2569 in
1362 2526 1584 2584 procinctu
1614 2524 1788 2569 habuit:
1838 2524 1900 2568 ibi
1930 2524 2039 2571 enim
2068 2523 2152 2567 iam

321 2581 422 2624 inde
450 2583 504 2624 ab
533 2582 766 2627 obsidionis
794 2584 915 2626 initio
944 2583 1132 2627 sederat.
1189 2585 1313 2627 Hora
1339 2583 1562 2635 condicta,
1599 2582 1655 2626 ad
1684 2596 1775 2626 eam
1804 2581 2023 2625 confluunt
2052 2595 2153 2638 por-

321 2647 410 2682 tam
438 2638 756 2692 adolescentes3
787 2642 904 2684 sacto
934 2642 1169 2698 derepente
1195 2641 1240 2683 in
1270 2641 1470 2684 custodes
1498 2640 1685 2697 impetu,
1726 2639 1824 2682 illos
1852 2643 2064 2690 mactant,
2108 2642 2153 2680 et

323 2694 486 2747 valvis,
528 2696 780 2752 probibente
809 2698 1000 2750 nemine,
1029 2698 1285 2755 patefactis,
1324 2699 1538 2743 Alaricum
1565 2699 1611 2742 in
1640 2697 1786 2742 urbem
1814 2695 2029 2752 accipiunt
2057 2709 2152 2738 cum
2219 2711 2222 2717 ¹

321 2752 534 2795 exercitu:
564 2766 591 2795 a
621 2767 704 2809 quo
736 2767 831 2796 mox
857 2755 1022 2798 iniectis
1053 2754 1236 2806 facibus,
1261 2761 1378 2799 tecta
1408 2762 1559 2813 portae
1587 2754 1727 2798 vicina
1755 2753 2061 2809 deflagrarunt.
2102 2753 2151 2794 In

319 2810 388 2852 his
414 2809 501 2852 fuit
527 2809 732 2861 Salustii,
759 2810 926 2867 antiqui
946 2811 1170 2856 Historiae
1199 2812 1416 2856 Romanae
1443 2812 1671 2871 scriptoris
1700 2811 1871 2855 domun
1901 2809 2020 2852 cuius
2050 2823 2151 2864 pars

319 2866 499 2909 maxima
527 2867 580 2909 ad
614 2868 720 2909 hanc
749 2868 861 2910 diem
889 2867 1014 2910 stetit
1050 2867 1248 2910 incendio
1278 2871 1533 2914 deformata.
1590 2869 1766 2913 Demum
1795 2866 2001 2918 Barbari,
2045 2867 2151 2908 urbe

318 2937 495 2980 prorsus
523 2923 708 2979 direpta,
748 2930 879 2980 atque
907 2925 1023 2966 edita
1053 2924 1334 2967 Romanorum
1362 2926 1527 2981 ingenti
1553 2931 1715 2980 strage,
1745 2924 1809 2966 ire
1839 2937 1967 2979 porro
1999 2937 2152 2979 perre-

320 2987 487 3023 xerunt.
548 2981 647 3031 Quo
679 2987 870 3036 tempore
897 2981 1128 3024 Ravennae
1156 2982 1374 3024 eunuchus
1402 2981 1573 3038 quidam
1601 2981 1788 3023 aviarius
1818 2979 2007 3022 Honorio
2035 2981 2149 3035 Aug.

316 3037 554 3089 nuntiavit,
591 3043 641 3079 ut
669 3038 921 3093 perhibent,
955 3045 1095 3080 actum
1125 3051 1219 3081 esse
1247 3037 1302 3080 de
1330 3037 1479 3081 Roma.
1535 3036 1624 3081 Hic
1650 3036 1724 3079 ine
1753 3050 1846 3078 cum
1875 3036 2151 3079 exclamatio·

316 3109 384 3147 ne,
414 3095 560 3151 Atqui,
590 3094 744 3150 inquit,
774 3109 796 3136 e
825 3096 1021 3136 manibus
1049 3097 1154 3137 meis
1172 3096 1296 3138 modo
1323 3095 1528 3150 pabulum
1558 3093 1751 3149 sumpsit.
1810 3094 2010 3136 Habebat
2039 3092 2150 3136 enim

318 3152 501 3194 eximiae
531 3150 829 3206 magnitudinis
859 3152 1081 3207 galim-am,
1125 3166 1250 3208 quam
1277 3151 1438 3195 Romae
1474 3151 1642 3194 nomine
1679 3150 1976 3207 insigniverat.
2037 3150 2147 3192 Tum

318 3210 532 3252 eunuchus
561 3215 740 3251 mentem
784 3209 874 3250 eius
902 3208 1167 3264 intelligen8‚
1209 3209 1354 3253 urbem
1383 3208 1559 3252 Romam
1619 3206 1770 3251 eriisse
1798 3207 1936 3259 dixit,
1979 3213 2148 3263 captam

318 3268 373 3310 ab
402 3265 586 3309 Alarico.
644 3266 700 3307 At
729 3265 982 3321 Imperator,
1013 3266 1112 3321 Ego
1140 3279 1257 3317 vero,
1298 3264 1376 3316 ait,
1404 3266 1557 3318 amice,
1586 3223 1770 3308 {Romam
1796 3266 2014 3322 gallinam
2043 3263 2149 3306 mihi

315 3324 491 3380 periisse
518 3324 660 3367 rebar.
718 3322 837 3365 Adeo
867 3322 1057 3378 ineptum
1086 3322 1388 3378 Imperatorem
1416 3321 1542 3366 istum
1568 3322 1706 3367 fuisse
1732 3323 1922 3366 tradunt.

432 3381 533 3425 Non
561 3381 624 3422 ita
653 3380 832 3436 potitum
873 3381 1006 3422 Roma
1042 3379 1259 3423 Alaricum
1298 3379 1484 3422 nonnulli
1524 3386 1779 3423 memorant:
1821 3380 1900 3422 sed
1940 3377 2148 3428 feminam,

320 3438 388 3482 cui
417 3452 567 3482 nomen
597 3437 778 3489 Probae,
827 3441 872 3480 et
900 3450 1011 3494 quae
1039 3435 1083 3479 in
1113 3436 1266 3482 ordine
1294 3435 1521 3482 Senatorio
1550 3437 1702 3494 opibus
1730 3452 1782 3481 ac
1811 3437 2038 3495 splendore
2067 3449 2149 3478 no-
