2254 3814
295 156 415 214 364
1041 158 1373 212 PROCOPII

290 301 383 370 τὴν
418 302 653 370 νηνεμίαν
687 297 878 368 ἡμέρας
905 299 1223 369 διατρίβουσι
1248 299 1500 368 τέσσαρας
1520 302 1730 369 πρᾶγμα
1755 297 1948 354 τοιόνδε
1973 296 2113 364 ξυνε-

288 392 551 454 νεχθῆναι.
642 385 986 454 ΖΠασσαγέται
1023 383 1115 438 δύο
1150 391 1253 438 τῶν
1280 407 1392 438 τινα
1420 384 1633 455 ἑταίρων
1657 385 1709 438 ἓν
1731 391 1794 456 τῇ
1823 386 2114 457 ἀκρατοπο-

288 473 374 545 σίᾳ
399 473 752 541 ἕρεσχελοῦντα
779 476 946 540 σφᾶς,
995 468 1084 524 ἅτε
1108 470 1391 538 οῗνωμένω,
1437 470 1707 539 ἀνειλέτην.
1791 468 1996 524 πάντων
2016 472 2113 542 γὰρ

288 553 579 626 ἀνθρώπων
605 552 830 621 μάλιστά
859 559 981 609 εἶσιν
1008 553 1356 627 οἷκρατοπόται
1380 556 1428 609 οἳ
1450 555 1807 625 ΖΠασσαγέται.
1895 553 2115 609 Βελισά-

288 662 397 710 ριος
433 635 524 693 οὖν
559 640 740 693 αὐτίκα
763 641 837 694 τώ
863 640 1015 711 ἄνδρε
1042 639 1210 694 τούτω
1234 643 1285 693 ἓν
1307 645 1380 714 τῷ
1409 646 1642 714 κολωνῷ,
1687 640 1744 703 ὃς
1766 640 1878 710 ἄγχι
1895 639 2114 707 Ἀβύδου
2129 650 2155 692 5

111 734 146 774 P
178 733 262 775 208
294 727 427 779 ἐστὶν
438 765 455 790 ,
504 723 875 779 ἀνεσκολόπισε.
963 729 1045 779 καὶ
1074 726 1243 795 ἐπειδὴ
1270 727 1323 779 οἵ
1344 747 1398 779 τε
1424 725 1569 779 ἄλλοι
1602 727 1687 779 καὶ
1709 727 1756 780 οἳ
1783 736 1890 780 τοῖν
1916 727 2119 796 ἀνδροῖν

287 815 530 880 ξυγγενεῖς
565 809 919 881 ἐδυσχέραινόν
956 833 1010 865 τε
1051 814 1135 864 καὶ
1176 811 1401 883 ἔφασκον
1430 811 1523 864 οὐκ
1548 812 1627 864 ἐπὶ
1651 814 1868 886 τιμωρίᾳ
1895 812 2010 865 οὐδ’
2039 813 2117 863 ἐπὶ

284 903 356 969 τῷ
381 894 663 950 ὑπεύθυνοι
691 895 815 950 εἶναι
838 895 1101 965 Ῥωμαίων
1127 895 1304 965 νόμοις
1325 898 1376 959 ἐς
1398 899 1688 966 ξυμμαχίαν
1711 896 1847 965 ἣκειν
1893 897 1994 970 (τοὶ
2018 897 2116 967 γὰρ

283 982 348 1050 δὴ
388 987 538 1053 σφῶν
573 979 762 1050 νόμιμα
799 982 859 1035 οὗ
898 980 1102 1036 τοιάσδε
1133 988 1238 1037 τῶν
1274 980 1445 1054 φόνων
1479 989 1740 1036 ποιεῖσθαι
1780 983 1874 1045 τὰς
1909 981 2115 1053 τίσεις),

284 1065 632 1136 ξυνεθρύλουν
660 1070 714 1121 δὲ
739 1067 915 1130 αὐτοῖς
941 1068 1034 1137 τὴν
1059 1070 1110 1130 ἐς
1138 1068 1229 1122 τὸν
1257 1068 1542 1138 στρατηγὸν
1562 1069 1728 1122 αἰτίαν
1752 1070 1836 1121 καὶ
1862 1073 2115 1138 στρατιῶ-
2134 1074 2187 1116 10

102 1165 143 1206 Η
177 1166 259 1210 108
287 1174 374 1206 ται
404 1151 670 1221 Ῥωμαῖοι,
720 1150 796 1215 οἷς
835 1154 899 1221 δὴ
939 1154 1164 1222 ε’πιμελὲς
1199 1151 1406 1223 ἐγεγόνει
1438 1158 1543 1207 τῶν
1579 1151 2007 1224 ἁμαρτανομένων
2043 1154 2116 1221 μὴ

287 1236 408 1292 εἶναι
431 1241 574 1300 δίκας
591 1280 607 1304 ,
655 1235 776 1300 τούς
804 1259 855 1291 τε
881 1239 1236 1306 ΠΙασσαγέτας
1263 1240 1346 1290 καὶ
1369 1237 1427 1291 τὸ
1457 1236 1581 1292 ἄλλο
1605 1236 1896 1309 στράτευμα
1931 1242 2117 1308 ξυγκα-

286 1325 437 1386 λε’σας
466 1320 767 1393 Βελισάριος
793 1322 922 1387 ἔλεξε
953 1321 1124 1377 τοιάδε
1168 1325 1282 1389 ,,Εἶ
1307 1323 1401 1391 μὲν
1424 1323 1555 1394 πρὸς
1585 1322 1778 1394 ἄνδρας
1800 1330 1890 1377 νῦν
1913 1330 2116 1394 πρῶτον

286 1411 337 1471 ἐς
362 1407 582 1476 πόλεμον
607 1409 1019 1477 καθισταμένους
1041 1409 1088 1462 οἶ
1111 1407 1249 1479 λόγοι
1272 1409 1510 1477 ἐγίνοντο,
1555 1415 1756 1479 μακροῦ
1779 1409 1842 1463 ἄν
1863 1431 1951 1477 μοι
1975 1409 2118 1477 ἐδέη-

285 1515 342 1548 σε
376 1492 566 1572 χρόνου
600 1493 815 1556 λε’ξαντα
841 1502 1008 1548 πεῖσαι
1041 1493 1176 1562 ὑμᾶς
1197 1493 1371 1563 ἡλίκον
1396 1494 1532 1547 ἐστὶν
1559 1493 1764 1566 ἐφόδιον
1793 1496 1844 1558 ἐς
1867 1495 2114 1566 τροπαίου
2134 1500 2186 1544 15

218 1594 256 1636 Β
286 1585 461 1646 κτῆσιν
495 1580 555 1633 τὸ
600 1580 810 1634 δίκαιον.
899 1580 949 1633 οἳ
972 1580 1068 1651 γὰρ
1103 1579 1196 1634 οὒκ
1226 1577 1599 1647 ἐξεπιστάμενοι
1630 1581 1726 1643 τοὶς
1748 1586 1851 1635 τῶν
1873 1577 2116 1634 τοιούτων

282 1662 491 1734 ἀγώνιον
527 1661 685 1733 τύχας
713 1667 764 1718 ἐν
802 1674 916 1727 ταῖς
937 1668 1083 1734 χερσὶ
1105 1663 1289 1733 μόναις
1315 1665 1507 1718 οἴονται
1537 1664 1660 1724 εἶναι
1687 1665 1745 1720 τὸ
1772 1672 1865 1720 τοῦ
1892 1667 2115 1734 πολέμου

279 1751 453 1819 πέρας.
519 1748 663 1818 ὑμεῖς
691 1751 747 1803 δὲ
758 1792 775 1817 ,
812 1752 868 1804 οἳ
886 1748 1127 1814 πολλάκις
1150 1753 1244 1819 μὲν
1267 1747 1552 1818 νενικήκατε
1577 1753 1845 1820 πολεμίους
1869 1751 1984 1805 οὔτε
2010 1759 2118 1813 τοῖς

281 1834 513 1904 σώμασιν
566 1836 973 1903 ἐλασσουμένους
1014 1839 1098 1889 καὶ
1145 1837 1272 1907 πρὸς
1309 1835 1546 1906 ἀνδρείαν
1586 1837 1773 1899 ἱκανῶς
1805 1835 2114 1907 πεφυκότας,

280 1919 523 1983 πολλάκις
547 1922 602 1973 δὲ
627 1926 731 1974 τῶν
760 1922 1001 1974 ἐναντίων
1026 1922 1077 1974 ἔν
1106 1923 1255 1996 πείρα
1278 1920 1572 1991 γεγένησθε,
1621 1923 1712 1976 οὐκ
1743 1922 1991 1991 ἀγνοεῖτε,
2039 1921 2187 1976 οἷ’-20

277 2030 370 2075 μαι
382 2048 398 2073 ,
449 2005 518 2069 ὥς
542 2003 791 2074 μάχονται
813 2007 906 2073 μὲν
928 2007 980 2069 ἐξ
1005 2004 1244 2077 ἑκατέρας
1267 2006 1343 2060 ἀεὶ
1366 2013 1612 2080 στρατιᾶς
1635 2008 1904 2078 ἄνθρωποι
1917 2049 1934 2074 ,
1980 2012 2116 2077 βρα-

278 2090 412 2162 βεύει
440 2093 495 2145 δὲ
524 2089 550 2145 ὃ
572 2091 696 2154 θεὸς
723 2090 862 2154 ὅπως
881 2092 1003 2145 ποτὲ
1027 2091 1168 2167 αὐτῷ
1202 2095 1443 2147 δοκεῖκαὶ
1467 2094 1528 2150 τὸ
1554 2099 1648 2148 τοῦ
1670 2093 1894 2162 πολέμου
1937 2095 2115 2147 δίδωσι

394 2270 438 2314 3.
467 2266 816 2325 ἕρεσχελοῦντα]
844 2268 1175 2340 ἐρεσχηλοῦντα
1203 2270 1254 2313 L.
1373 2275 1442 2319 10.
1472 2267 1813 2327 ξυνεθρύλουν]
1846 2270 1986 2329 Vulgo
2009 2271 2114 2325 ξυν-

394 2326 662 2385 εθριῖλλουν.
779 2330 849 2373 18.
883 2324 1019 2384 οὔτε]
1054 2324 1232 2373 οὗδὲΡ

282 2514 437 2544 moram
465 2500 611 2543 facere
639 2497 819 2542 malacia
846 2497 1032 2550 coactis,
1074 2497 1121 2540 id
1149 2495 1346 2553 contigit.
1401 2497 1680 2567 Massagetae
1705 2496 1791 2541 duo
1817 2497 1932 2540 inter
1959 2499 2113 2554 potan-

280 2559 378 2601 dum
407 2557 570 2600 cavillis
599 2571 625 2600 a
655 2556 838 2612 quodam
868 2555 1006 2599 sodali
1039 2568 1114 2598 suo
1144 2554 1367 2622 proritati,
1399 2555 1539 2611 ipsum
1569 2559 1838 2612 peremerunt
1864 2555 1948 2598 iam
1977 2555 2112 2606 ebrii3

279 2622 330 2659 ut
358 2619 458 2657 sunt
485 2614 689 2656 merobibi
717 2627 847 2681 supra
885 2612 1086 2656 mortales
1114 2611 1335 2654 universos
1379 2614 1669 2670 Massagetae.
1738 2613 1968 2679 Extemplo
1997 2612 2115 2654 Beli-

277 2672 418 2715 sarius
446 2671 490 2713 in
521 2671 651 2724 colle,
693 2670 768 2726 qui
795 2670 951 2726 Abydo
979 2668 1189 2737 imminet,
1223 2682 1522 2736 percussorem
1560 2677 1783 2736 utrumque
1821 2668 1966 2712 arbori
2001 2669 2114 2711 infe-

277 2729 351 2772 lici
380 2728 616 2795 suspendit.
672 2727 850 2770 Factum
880 2725 1066 2778 caeteri,
1095 2726 1140 2768 in
1169 2726 1316 2781 primis
1347 2741 1491 2770 eorum
1524 2727 1725 2784 cognati,
1754 2725 2015 2783 iniquissime
2046 2727 2113 2768 fe-

277 2794 448 2836 rente&
478 2784 726 2836 iactabant,
757 2798 803 2826 se
831 2799 917 2827 non
943 2798 996 2826 ea
1025 2783 1271 2827 conditione
1298 2783 1353 2826 ad
1382 2783 1628 2829 societatem
1655 2785 1935 2828 Romanorum
1964 2796 2111 2825 acces-

277 2845 409 2891 sisse,
439 2847 489 2885 ut
518 2855 676 2897 poenas
704 2841 898 2892 luerent,
929 2841 1052 2897 quasi
1080 2840 1247 2896 legibus
1277 2854 1423 2884 eorum
1452 2842 1646 2885 obnoxii·
1686 2855 1780 2885 cum
1809 2854 1836 2882 a
1862 2839 2016 2896 patriis
2044 2839 2112 2882 in-

276 2899 441 2943 stitutis
469 2899 755 2940 abhorrerent
783 2872 975 2941 caed’ium
1003 2897 1395 2941 animadversiones
1432 2898 1650 2943 eiusmodi.
1706 2898 1768 2941 Et
1796 2897 1992 2953 quoniam
2021 2897 2112 2939 Ro-

276 2955 387 2999 mani
417 2955 600 3006 milites,
646 2954 799 3010 quibus
828 2954 949 2998 cordi
994 2960 1087 2997 erat
1116 2954 1367 2997 delictorum
1404 2954 1656 3012 impunitas,
1699 2967 1782 2997 una
1811 2967 1905 2996 cum
1940 2953 2026 2995 illis
2057 2954 2113 2996 de

275 3012 486 3056 Belisario
518 3013 834 3078 querebantur,
861 3012 914 3064 is,
946 3011 1019 3053 ubi
1046 3012 1318 3067 Massagetas
1343 3026 1587 3068 omnemque
1615 3011 1848 3054 exercitum
1877 3024 2111 3053 convocas-

275 3076 357 3122 set,
387 3069 449 3112 sic
477 3070 612 3112 verba
639 3068 758 3113 fecit.
818 3070 868 3110 Si
892 3083 1005 3110 nunc
1027 3069 1186 3111 tirones
1204 3070 1458 3123 alloquerer,
1497 3070 1684 3124 prolixa
1687 3082 1791 3123 opus
1815 3074 1925 3110 esset
1950 3069 2110 3110 oratio—

275 3143 356 3179 ue,
397 3132 447 3169 ut
472 3127 616 3177 vobis,
654 3131 859 3181 quantum
889 3126 1064 3168 Iustitia
1101 3126 1159 3167 ad
1177 3126 1402 3169 victoriam
1428 3132 1686 3169 momentum
1707 3127 1892 3180 afferat,
1935 3125 2110 3167 demon-

277 3192 474 3227 stu-arem.
534 3183 651 3225 Nam
687 3183 760 3237 qm·
782 3197 958 3224 casuum
996 3183 1211 3225 laboribus
1241 3183 1400 3224 bellicis
1424 3184 1796 3226 intercurrentium
1824 3183 1977 3238 ignari
1996 3188 2110 3233 sunt,

277 3244 324 3284 in
343 3243 432 3284 suis
454 3246 624 3284 tantum
647 3239 846 3281 manibus
867 3241 1026 3281 exitum
1048 3241 1148 3281 belli
1174 3239 1356 3294 positum
1376 3246 1552 3294 putant.
1607 3242 1669 3283 At
1688 3254 1788 3291 vos,
1818 3241 1892 3295 qui
1916 3246 1959 3282 et
1981 3253 2109 3293 saepe

276 3301 438 3342 vicistis
459 3300 623 3350 hostes,
654 3311 730 3338 uec
753 3311 928 3340 numero
955 3297 1072 3338 vobis
1090 3311 1168 3338 nec
1188 3296 1337 3339 robore
1360 3297 1608 3349 inferiores,
1650 3312 1726 3339 nec
1749 3297 1951 3339 mediocri
1974 3295 2109 3338 ani-mi

268 3357 528 3411 fortitudine
561 3355 807 3410 praeditos,
848 3359 890 3396 et
914 3355 1045 3395 iidem
1065 3367 1195 3408 saepe
1227 3354 1446 3396 contraria
1475 3355 1575 3397 estis
1601 3355 1791 3410 experti,
1831 3354 1904 3405 id,
1944 3353 2109 3408 opinor,

281 3429 366 3455 mm
389 3414 620 3469 ignoratis,
647 3411 780 3453 solere
805 3411 975 3465 quidem
999 3411 1188 3452 homines
1210 3425 1260 3452 ex
1281 3417 1463 3466 utraque
1489 3412 1582 3454 acie
1607 3413 1821 3467 praelium
1838 3411 1989 3462 edere,
2031 3409 2108 3451 sed

284 3474 374 3514 eius
397 3471 606 3515 arbitrum
633 3483 723 3512 esse
746 3469 910 3522 Deum,
942 3473 985 3511 et
1006 3469 1065 3511 ad
1085 3469 1251 3512 libitum
1276 3468 1500 3512 victoriam
1527 3469 1650 3513 dare.
1710 3470 1832 3524 Quae
1856 3482 1950 3511 cum
1975 3468 2042 3511 ita
2063 3479 2108 3509 se
