2254 3814
291 147 412 205 382
1043 147 1377 201 PROCOPII

290 291 383 345 οὖκ
422 291 473 352 ἒς
508 289 711 359 μακρὰν
754 282 1115 355 ἐπιθήσεσθαι.
1201 288 1335 341 κατὰ
1373 287 1470 358 γὰρ
1510 287 1568 341 τὸ
1597 288 1759 351 δεξιὸν
1786 286 1939 358 με’ρος
1968 289 2113 343 οὐδὲν

287 371 349 445 ἦν
399 377 510 437 δέος
549 376 606 428 οὗ
655 371 831 444 πόρρω
875 379 968 442 τῆς
1017 371 1169 445 ᾐόνος
1211 374 1579 445 πορευομένοις.
1665 382 1774 435 τοῖς
1814 376 1869 427 δὲ
1905 373 2115 437 ναύταις

287 459 552 530 ἐπήγγελλε
586 463 997 529 παρακολουθεῖν
1030 481 1082 512 τε
1124 458 1198 511 ἀεὶ
1233 461 1316 512 καὶ
1345 466 1435 513 τοῦ
1463 454 1846 529 στρατεύματος
1876 461 1949 527 μὴ
1981 461 2112 514 πολὺ

286 543 572 609 διεστάναι,
621 544 739 596 ἀλλ’
789 541 1036 614 ἔπιφόρου
1073 545 1164 612 μὲν
1206 545 1466 614 γινομένου
1510 550 1604 598 τοῦ
1638 541 1924 610 πνεύματος
1946 543 2114 612 χαλά-

222 646 261 688 1)
295 651 486 691 σαντας
523 629 589 682 τὰ
620 627 816 699 μεγάλα
853 629 988 682 ἱστία
1023 638 1129 691 τοῖς
1163 638 1392 700 μικροῖς,
1446 629 1479 683 ἃ
1505 630 1566 699 δὴ
1604 626 1831 692 δόλωνας
1854 637 2154 697 καλοῦσιν,5

283 716 528 781 ἕπεσθαι,
576 714 912 786 λωφήσαντος
939 716 994 768 δὲ
1019 720 1280 777 παντελῶς
1320 720 1412 768 τοῦ
1449 715 1635 783 ἀνέμου
1678 714 1950 783 βιάζεσθαι
1994 715 2115 770 ὅσον

282 799 385 854 οἷοί
403 822 456 853 τε
484 796 604 854 ὦσιν
628 801 944 868 ἔρέσσοντας.

450 889 543 948 Εἷς
574 888 630 940 δὲ
652 883 936 941 Σύλλεκτον
961 883 1267 958 ἀφικόμενος
1294 883 1595 957 Βελισάριος
1621 881 1895 956 σώφρονας
1919 908 1972 939 τε
1995 887 2117 948 τούς

282 970 604 1042 στρατιώτας
639 974 903 1042 παρείχετο
934 975 1017 1024 καὶ
1059 971 1174 1025 οὔτε
1217 972 1429 1026 ἀδίκων,
1438 976 1622 1043 χειρῶν
1647 970 1900 1040 ἄρχοντας
1926 971 2041 1025 οὔτε
2068 993 2117 1024 τι

283 1057 384 1111 ἄπο
411 1055 603 1126 τρόπου
633 1058 1012 1129 ἐργαζομένους,
1062 1055 1216 1119 αὐτός
1241 1079 1293 1110 τε
1313 1055 1578 1131 πρᾳότητα
1603 1057 1794 1123 πολλὴν
1819 1060 1903 1110 καὶ
1932 1063 2115 1128 φιλαν-
2133 1067 2187 1109 10

282 1145 526 1214 θρωπιάν
562 1141 931 1211 ἐνδεικνύμενος
968 1141 1103 1196 οὕτω
1131 1143 1252 1204 τοὺς
1290 1145 1505 1209 Λίβυας
1542 1139 1949 1210 προσεποιήσατο
1988 1141 2117 1196 ὥστε

111 1242 147 1284 Ρ
177 1242 262 1286 218
292 1235 383 1282 τοῦ
414 1235 595 1282 λοιποῦ
623 1226 858 1298 καθάπερ
885 1230 936 1280 ἐν
958 1227 1104 1302 χώρᾳ
1126 1229 1284 1302 οἰκείᾳ
1312 1227 1406 1295 τὴν
1438 1228 1645 1297 πορείαν
1671 1233 1958 1295 ποιεῖσθαι,
2002 1226 2118 1282 οὔτε

284 1313 692 1385 ’ὑποχωρούντων
718 1319 820 1368 τῶν
840 1311 1005 1384 ταύτῃ
1026 1313 1296 1386 ᾠκημὲνων
1330 1311 1445 1366 οὔτε
1467 1333 1516 1366 τι
1541 1309 1965 1381 ἀποκρύπτεσθαι
1987 1319 2115 1381 βου-

286 1400 540 1467 λομένων,
580 1400 710 1452 ἀλλὰ
746 1402 829 1452 καὶ
851 1399 1043 1469 ἀγορὰν
1071 1398 1427 1470 παρεχομένων
1464 1400 1546 1451 καὶ
1574 1397 1637 1450 τὰ
1667 1398 1798 1452 ἄλλα
1825 1407 1933 1461 τοῖς
1956 1419 2117 1469 στρα-

284 1483 491 1547 τιώταις
543 1478 576 1557 ᾗ
618 1483 886 1552 βούλοιντο
934 1482 1341 1555 ὑπηρετούντων.
1431 1481 1740 1553 ὀγδοήκοντα
1791 1485 1846 1537 δὲ
1876 1486 2117 1547 σταδίους
2134 1494 2186 1537 15

284 1569 524 1633 ἀνύοντες
560 1571 630 1632 εἷς
668 1569 864 1642 ἢμέραν
894 1567 1110 1639 ἑκάστην
1145 1569 1289 1638 ἄχρις
1329 1570 1380 1631 εἷς
1412 1566 1727 1639 Καρχηδόνα
1752 1570 2113 1637 διετελέσαμεν,

281 1656 314 1726 ἢ
342 1656 474 1710 κατὰ
501 1653 680 1722 πόλιν,
729 1655 791 1709 ἂν
828 1655 963 1710 οὕτω
996 1653 1165 1724 τύχοι,
1212 1654 1243 1724 ἢ
1281 1657 1333 1708 ἐν
1359 1655 1690 1727 στρατοπέδῳ
1717 1653 1770 1708 ἒκ
1797 1661 1898 1709 τῶν
1923 1654 2118 1727 παρόν-

281 1765 385 1796 των
425 1739 494 1804 ὥς
529 1742 896 1813 ἀσφαλέστατα
938 1739 1271 1808 αὐλιζόμενοι.
1359 1739 1494 1795 οὕτω
1531 1746 1654 1811 γοῦν
1692 1738 1778 1794 διά
1813 1763 1867 1795 τε
1900 1742 2117 1810 Λέπτης

281 1826 478 1890 πόλεως
511 1830 594 1881 καὶ
622 1828 949 1898 Ἀδραμητοῦ
975 1829 1025 1889 ἐς
1050 1831 1101 1879 Γ
1098 1825 1292 1897 ράσσην
1327 1825 1386 1880 τὸ
1408 1828 1600 1896 χωρίον
1626 1824 1923 1896 ἀφικόμεθα
1935 1868 1952 1893 ,
1998 1849 2118 1880 πεν-

280 1912 502 1983 τήκοντα
526 1915 610 1966 καὶ
636 1916 962 1984 τριακοσίους
987 1914 1230 1975 σταδίους
1255 1910 1592 1982 Καρχηδόνος
1620 1912 1800 1980 διέχον.
1891 1912 2022 1967 ἔνθα
2054 1912 2114 1981 δὴ
2131 1922 2188 1965 20

277 1995 512 2064 βασίλειά
547 2020 598 2051 τε
635 1994 698 2067 ἧν
738 2004 831 2052 τοῦ
870 2000 1140 2052 Βανδίλων
1181 1996 1462 2067 ἡγουμένου
1503 2000 1586 2051 καὶ
1609 1995 1920 2068 παράδεισος
1945 1996 2118 2051 κάλλι·

217 2105 255 2148 Β
286 2106 408 2148 στος
430 2081 669 2139 ἁπάντων
694 2077 765 2138 ὧν
788 2082 932 2154 ἡμεῖς
969 2085 1131 2153 ἴσμεν.
1218 2091 1333 2145 ταῖς
1366 2104 1419 2136 τε
1453 2083 1551 2154 γὰρ
1580 2081 1788 2154 κρήναις
1812 2087 1997 2154 κομιδῆ
2023 2106 2118 2137 κα-

393 2264 436 2308 2.
467 2258 635 2333 ᾐόνος]
675 2259 834 2336 ἠϊόνος
872 2265 924 2306 Ρ.
1069 2262 1112 2307 5.
1145 2259 1293 2317 ἱστία]
1336 2276 1514 2333 αρμενα
1553 2261 1713 2305 Suidas
1752 2275 1789 2304 s.
1817 2277 1860 2307 v.
1904 2260 2117 2314 δόλωνες.

393 2323 437 2364 9.
469 2318 576 2365 οὔτε
599 2344 656 2351 -
679 2319 821 2374 οὔτε]
852 2317 963 2365 ουδὲ
984 2344 1040 2352 -
1071 2315 1182 2365 οὐδέ
1211 2320 1261 2362 Ρ.
1379 2323 1448 2365 10.
1478 2315 1602 2377 ἄπο]
1645 2315 1740 2365 ἀπὸ
1770 2320 1820 2364 Ρ.
1936 2324 2007 2368 11.
2034 2323 2118 2366 Λί-

395 2379 543 2435 βυας]
574 2379 705 2436 λίβας
733 2379 868 2422 AHL.
928 2379 990 2423 ἴσ.
1021 2377 1185 2435 λίβυας
1212 2378 1308 2421 Hm.

281 2521 438 2564 Nullus
468 2534 494 2562 a
524 2519 677 2565 dextra
720 2524 883 2574 metus3
923 2520 1051 2563 maris
1081 2521 1191 2564 enim
1219 2520 1338 2565 littus
1367 2521 1581 2577 legebant.
1636 2521 1793 2564 Nautis
1825 2518 2039 2572 iniunxit,
2068 2526 2118 2564 ut

282 2591 451 2645 semper
490 2578 721 2622 exercitum
764 2584 1112 2630 assectarentur,
1160 2593 1240 2622 nec
1283 2578 1450 2635 longius
1490 2578 1800 2630 abscederent;
1840 2583 1885 2621 at
1927 2579 2116 2621 secunda

281 2635 476 2702 spirante
506 2649 644 2688 aura,
676 2644 983 2704 sequerentur,
1013 2640 1184 2679 utentes
1213 2635 1434 2679 dolonibus
1451 2635 1558 2682 sive
1587 2636 1817 2679 minoribus
1847 2635 1980 2703 veiis,
2013 2651 2116 2679 con-

278 2691 433 2735 tractis
461 2692 713 2736 maioribus:
743 2693 781 2736 si
810 2699 962 2737 ventus
990 2693 1118 2750 plane
1147 2693 1383 2747 resideret,
1412 2693 1538 2737 remis
1559 2707 1636 2750 pro
1655 2692 1770 2738 virili
1799 2700 1926 2750 parte
1953 2691 2116 2736 incum-

277 2749 443 2792 berent-

394 2820 483 2862 Ubi
512 2820 744 2876 Syllectum
776 2820 924 2878 attigit
964 2821 1231 2874 Belisarius,
1274 2821 1431 2867 milites
1460 2821 1695 2874 continuit,
1725 2822 1881 2866 violari
1908 2821 2114 2866 neminem

278 2890 460 2945 passuS,
491 2892 628 2934 neque
658 2881 710 2920 ab
741 2880 929 2922 honestis
959 2881 1148 2923 moribus
1172 2880 1356 2923 alienum
1384 2879 1617 2948 quidquam
1637 2853 1820 2924 admitti.
1879 2879 1980 2934 Ipse
2009 2894 2112 2922 vero

278 2934 455 2977 eximiae
495 2936 823 2978 mansuetudinis
869 2942 999 2992 atque
1038 2938 1316 2980 humanitatis
1356 2936 1673 2993 significatione
1714 2937 1912 2979 Afrorum
1954 2936 2113 2979 animos

274 2991 341 3034 ita
370 2991 510 3048 cepit,
543 2999 592 3034 ut
622 3008 706 3036 non
737 2994 861 3036 aliter
891 3009 1017 3050 quam
1046 2995 1091 3036 in
1119 2996 1212 3038 solo
1243 2995 1414 3038 ditionis
1442 2999 1618 3037 nostrae
1647 2994 1767 3037 nobis
1797 2993 1881 3036 iter
1911 2993 2114 3050 deinceps

274 3049 420 3100 fuerit,
454 3064 548 3092 cum
577 3064 657 3091 nec
687 3049 876 3092 vitarent
906 3056 1174 3107 conspectum
1202 3059 1391 3094 nostrum
1418 3051 1663 3106 indigenae,
1691 3065 1771 3092 nec
1799 3051 1958 3094 abdere
1986 3051 2114 3107 quid-

277 3120 404 3162 quam
434 3107 621 3159 vellent,
664 3108 739 3149 sed
772 3122 979 3149 annonam
1011 3109 1294 3163 praeberent,
1337 3123 1388 3151 ac
1419 3114 1595 3150 caetera
1621 3107 1825 3150 militibus
1855 3123 1934 3165 pro
1965 3122 2113 3152 eorum

278 3162 459 3207 arbitrio
502 3163 807 3206 ministrarent.
871 3164 1179 3219 Carthaginem
1221 3179 1357 3233 usque
1398 3166 1547 3208 diebus
1585 3165 1769 3219 singulis
1808 3165 1952 3208 stadia
1990 3173 2113 3208 octo-

278 3220 400 3276 ginta
449 3220 731 3272 confecimus,
784 3225 860 3263 aut
899 3220 945 3263 in
982 3222 1182 3277 oppidis,
1235 3223 1272 3264 si
1309 3222 1374 3264 ita
1411 3221 1702 3277 contingeret,
1759 3227 1835 3265 aut
1872 3223 1918 3265 in
1958 3223 2111 3265 castris

277 3281 455 3332 agentes
483 3284 674 3330 noctem,
716 3283 918 3334 quantum
949 3292 974 3320 e
1002 3292 1052 3320 re
1089 3284 1193 3320 nata
1220 3279 1319 3320 fieri
1348 3284 1548 3335 poterat,
1590 3279 1866 3323 communitis.
1923 3280 1993 3322 Ita
2033 3293 2111 3336 per

278 3337 408 3378 urbes
437 3335 594 3403 Leptin
634 3339 678 3377 et
706 3335 982 3377 Adrumetum
1021 3336 1293 3390 pervenimus
1324 3336 1546 3387 Grassen‚
1586 3337 1740 3380 stadiis
1770 3351 1893 3380 cccn.
1925 3336 2112 3380 Cartha-

279 3392 380 3448 gine
410 3392 629 3435 dissitam.
673 3393 746 3434 ubi
775 3391 908 3447 Regis
938 3392 1222 3435 Vandalorum
1260 3392 1460 3449 palatium
1491 3399 1615 3446 erat,
1659 3399 1704 3437 et
1731 3393 1871 3444 horti,
1913 3395 2109 3448 omnium,

279 3463 390 3506 quos
419 3465 602 3508 unquam
629 3449 827 3503 vidimus,
856 3449 1149 3494 amoenissimi.
1207 3450 1320 3493 Nam
1349 3455 1394 3494 et
1422 3425 1615 3495 fontibus,
1634 3451 1935 3508 benignissime
1964 3451 2111 3508 rigan-

2229 2578 2254 2758 ,ᾖ
