2254 3814
289 115 411 171 280
844 77 854 82 ’
1030 112 1366 166 PRocoPn

289 261 588 327 παρασκευῇ
615 259 679 326 τῇ
707 249 847 323 πάσῃ
876 249 1183 321 ποιούμενοι,
1231 250 1301 314 ὥς
1325 257 1388 324 τῇ
1413 249 1657 326 ῦστεραία
1682 247 1992 319 μαχοῦμενοι
2013 258 2119 313 τοῖς

290 343 550 409 πολεμίοις
586 341 665 392 ἐπὶ
700 337 759 391 τὸ
788 346 950 405 τεῖχος
977 343 1379 408 προσβαλοῦσιν.
1464 335 1629 411 ἡμέρᾳ
1649 338 1742 403 μὲν
1766 330 1858 389 οὖν
1881 342 1944 407 τῇ
1966 339 2122 405 ἐπιγι-

287 426 474 497 νομένῃ
502 430 605 477 τῶν
624 420 909 491 βαρβάρων
934 423 1099 486 οὐδεὶς
1126 425 1206 476 ἐπὶ
1226 423 1316 477 τὸν
1339 424 1610 493 περίβολον
1635 417 1785 490 ἦλθε,
1830 427 1895 492 τῇ
1922 423 1976 474 δὲ
2001 420 2119 488 μετ’

289 513 477 578 ἐκείνην
499 517 656 577 μοῖρα
677 508 769 575 μὲν
793 513 886 560 τοῦ
911 514 1137 580 στρατοῦ
1164 506 1411 580 Χοσρόου
1438 506 1815 578 ἐγκελευομένου
1837 515 1951 567 ταῖς
1983 509 2124 575 Βαρ-

221 607 259 651 Β
292 601 421 649 λαοῦ
443 593 778 660 καλουμέναις
799 590 982 656 πύλαις
1004 594 1304 662 ἐπέσκηψεν,
1339 590 1764 667 ὑπαντιασάντων
1788 592 1845 645 δὲ
1860 589 2163 658 Ῥωμαίων5

289 682 463 740 αὐτοῖς
500 675 812 746 ἦσσήθησάν
846 699 900 732 τε
939 679 1083 751 παρὰ
1123 679 1254 733 πολὺ
1290 684 1356 751 τῇ
1390 676 1531 750 μάχῃ
1569 680 1653 732 καὶ
1690 676 1763 730 δι’
1794 677 1962 746 ὀλίγου
1990 677 2041 738 ἒς
2064 675 2123 728 τὸ

290 760 636 835 στρατόπεδον
666 761 1009 833 ἀνεχώρησαν.
1098 767 1182 817 καὶ
1208 762 1323 818 τότε
1347 769 1564 824 Παῦλος
1590 761 1616 816 ὃ
1637 767 1859 833 Περσῶν
1882 759 2128 830 ἓρμηνεῦς

114 859 153 899 V
181 858 261 902 331
295 849 437 919 παρὰ
463 849 522 902 τὸ
547 855 709 917 τεῖχος
727 848 864 916 ἥκων
887 854 1163 920 Μαρτῒνον
1185 849 1365 917 ἐκάλει,
1412 848 1503 921 ἐφ’
1526 841 1569 921 ᾧ
1589 849 1655 902 τὰ
1681 850 1735 910 ἐς
1757 848 1849 915 τὴν
1871 845 2127 914 ξύμβασιν

286 931 620 1003 διοικήσηται.
684 933 820 988 οὕτω
848 956 901 989 τε
928 938 1205 1007 Μαρτίνου
1227 944 1335 998 τοῖς
1357 939 1578 1004 Περσῶν
1601 932 1843 1005 ἄρχουσιν
1865 934 1917 994 ἔς
1946 929 2129 1000 λόγους

290 1018 537 1082 ἐλθόντος
574 1020 858 1086 ξυνέβησαν
874 1063 890 1088 ,
936 1024 1019 1074 καὶ
1046 1021 1191 1075 πέντε
1217 1017 1515 1091 κεντηνᾶρια
1538 1019 1667 1090 πρὸς
1689 1023 1794 1072 τῶν
1811 1018 2127 1085 Ἔδεσσηνῶν
2143 1025 2199 1067 10

288 1105 315 1159 ὅ
359 1102 606 1176 Χοσρόης
641 1105 816 1172 λαβὼν
854 1108 906 1160 ἐν
939 1103 1236 1177 γράμμασιν
1273 1106 1450 1167 αὐτοῖς
1484 1105 1580 1174 τὴν
1617 1102 1891 1172 ὁμολογίαν
1921 1102 2128 1155 ἀπέλιπε

285 1197 378 1246 τοῦ
403 1192 561 1260 μηδὲν
583 1189 851 1258 Ῥωμαίοις
880 1192 1159 1262 περαιτέρω
1186 1189 1517 1259 λυμήνασθαι
1537 1231 1554 1255 ,
1599 1186 1666 1243 τά
1692 1210 1747 1242 τε
1773 1185 2129 1258 χαρακώματα
2193 1198 2197 1201 “

289 1275 460 1331 πάντα
486 1274 753 1347 ἐμπρήσας
779 1275 864 1328 ἐπ’
898 1277 1040 1330 οἴκου
1066 1274 1354 1347 ἀνεχώρησε
1376 1277 1528 1328 παντὶ
1551 1279 1625 1349 τῷ·
1646 1279 1870 1347 στρατῷ.

224 1398 263 1442 C
460 1386 555 1458 κη’.
607 1387 738 1442 ιΥπὸ
761 1389 850 1442 τὸν
866 1386 1055 1462 χρόνον
1075 1395 1262 1444 τοῦτον
1281 1386 1543 1457 Ῥωμαίων
1564 1384 1945 1456 τετελευτήκασι
1969 1405 2131 1457 στρα-

288 1477 436 1543 τηγοὶ
476 1472 570 1528 δύο
588 1515 605 1540 ,
646 1472 871 1537 Ἰοῦστός
910 1497 964 1529 τε
998 1474 1024 1530 ὁ
1060 1475 1313 1545 βασιλέως
1340 1474 1553 1544 ἀνεψιὸς
1572 1476 1655 1527 καὶ
1678 1471 1934 1543 Περάνιος
1961 1472 2126 1542 Ἶβηρ,
2145 1474 2201 1520 15

283 1559 509 1622 Ἰοῦστος
539 1561 633 1627 μὲν
669 1557 805 1633 νόσῳ
839 1563 1180 1633 διαφθαρεὶς,
1218 1561 1462 1634 Περανίῳ
1488 1561 1544 1613 δὲ
1566 1558 1754 1628 συνέβη
1781 1559 1833 1611 ἐν
1854 1560 2132 1631 κυνηγεσίῳ
2210 1558 2214 1565 ’

266 1650 382 1716 ,τοῦ
418 1647 581 1698 ’ίππου
621 1645 958 1700 ἕκπεπτωκότι
992 1650 1344 1718 διαρραγῆναι.
1435 1644 1514 1699 διὸ
1541 1645 1605 1714 δὴ
1631 1643 1748 1698 ἀντ’
1780 1644 1953 1698 αὐτῶν
1975 1650 2131 1711 βασι-

290 1730 405 1792 λεὺς
432 1729 633 1802 ἑτέρους
658 1729 1107 1802 καταστησάμενος
1130 1731 1322 1801 ἔπεμψε
1348 1727 1660 1802 Μάρκελλόν
1682 1750 1765 1795 τε,
1804 1729 1894 1783 τὸν
1920 1729 2131 1799 ἀδελφι-

284 1818 409 1869 ὁόῦν
437 1816 526 1870 τὸν
549 1814 709 1870 αὑτοῦ
737 1817 853 1887 ι’ίρτι
877 1816 1245 1888 γενειάσκοντα,
1272 1818 1356 1870 καὶ
1378 1813 1825 1881 Κωνσταντιανόν,
1857 1813 1912 1876 ὃς
1932 1814 1997 1883 δὴ
2023 1814 2130 1868 ὀλί-

282 1923 357 1974 γῳ
401 1898 650 1972 πρότερον
702 1901 810 1970 ἅμα
855 1905 1050 1977 Σεργίῳ
1101 1902 1243 1974 παρὰ
1282 1898 1530 1971 Χοσρίην
1583 1897 1879 1973 πρεσβεύων
1923 1898 2201 1968 ε’στα’λη.20

284 1985 454 2039 ἔπειτα
486 1987 543 2039 δὲ
563 1986 918 2051 Ἰουστινιανὸς
945 1987 1188 2056 βασιλεῦς
1223 1986 1460 2057 πρέσβεις
1486 1986 1630 2056 παρὰ
1665 1981 1914 2056 Χοσρόην
1949 1986 2026 2037 3⁷12
2067 1990 2131 2056 τῇ

285 2068 537 2139 ξυμβάσει
573 2070 1006 2128 Κωνσταντιανόν
1041 2095 1095 2127 τε
1130 2075 1215 2126 καὶ
1250 2071 1461 2144 Σίργιον
1487 2070 1729 2141 ἔπεμψεν.
1817 2070 1866 2124 οἱ
1894 2071 1949 2123 δὲ
1974 2069 2131 2124 αὐτὸν

399 2236 471 2279 18.
503 2229 790 2288 ἀδελφιδοῦν
818 2235 900 2281 τὸν
926 2230 1078 2280 αὑτοῦ
1105 2233 1288 2292 (αὐτοῦ
1309 2235 1430 2294 Pv)]
1464 2233 1551 2281 τόν
1579 2230 1732 2281 mironi
1757 2230 2050 2292 ἀδελφιδοῦν
2079 2235 2131 2282 A.

398 2293 470 2336 22.
501 2291 724 2350 ξυμβάσει
752 2293 806 2339 V.
862 2289 1085 2352 συμβάσει
1115 2296 1166 2339 P.

288 2435 440 2491 pinnas
470 2435 763 2491 congerebant
790 2434 971 2492 lapides.
1010 2441 1055 2479 et
1084 2439 1255 2480 caetera
1283 2435 1602 2494 comparabant,
1631 2434 1763 2478 veluti
1797 2434 2007 2491 postridie
2035 2450 2131 2479 cum

283 2492 481 2535 hostibus
522 2491 566 2534 in
595 2506 736 2535 muros
778 2492 950 2535 daturis
986 2493 1188 2551 impetum
1217 2492 1358 2537 denuo
1400 2492 1687 2548 congressuri.
1760 2493 1917 2535 Verum
1960 2502 2131 2549 postero

284 2549 355 2591 die
382 2549 436 2590 ad
465 2549 629 2592 moenia
659 2564 778 2592 nemo
810 2550 1095 2594 Barbarorum
1126 2550 1326 2595 accessit.
1388 2549 1602 2593 Perendie
1630 2562 1732 2605 pars
1761 2549 1992 2602 exercitus,
2023 2552 2132 2593 hor-

282 2613 404 2649 tante
434 2606 651 2657 Chosroe‚
706 2607 852 2649 Batiai
884 2614 1048 2664 portam
1080 2607 1262 2660 adorta,
1313 2622 1340 2651 a
1367 2607 1571 2651 Romanis
1609 2606 1934 2649 occurrentibus
1967 2606 2129 2663 praelio

284 2661 515 2716 insigniter.
542 2662 799 2718 profligata,
830 2664 952 2706 brevi
981 2665 1027 2707 in
1056 2671 1199 2709 castra
1228 2678 1324 2708 sese
1353 2663 1531 2722 recepit.
1589 2664 1720 2707 Tunc
1749 2663 1804 2706 ad
1834 2677 1996 2706 murum
2028 2678 2131 2721 pro-

285 2733 458 2774 gressus
495 2719 654 2762 Paulus
686 2721 914 2763 Persarum
953 2720 1169 2779 interpres
1199 2722 1430 2766 Martinum
1468 2721 1522 2764 ad
1563 2719 1861 2778 paciscendum
1911 2721 2131 2768 invitavit.

283 2776 360 2818 Sic
403 2776 563 2818 demum
609 2777 819 2820 collocuto
874 2792 966 2821 cum
1011 2780 1241 2822 Persarum
1293 2778 1475 2821 ducibus
1513 2777 1729 2828 Martino,
1791 2792 1874 2835 pax
1915 2778 2128 2821 convenit.

283 2832 500 2876 Chosroes
530 2833 628 2875 auri
655 2833 798 2890 pondo
828 2834 882 2878 D.
912 2837 967 2878 ab
997 2835 1229 2879 Edessenis
1258 2850 1352 2878 cum
1381 2835 1640 2889 accepisset,
1669 2834 1807 2878 literis
1837 2835 2130 2890 consignatam

282 2891 523 2946 pactionem
548 2890 655 2945 ipsis
683 2891 883 2946 reliquit,
930 2906 1015 2949 qua
1044 2907 1093 2935 se
1121 2893 1166 2936 in
1195 2900 1412 2950 posterum
1442 2891 1547 2935 nibil
1589 2891 1731 2936 damni
1763 2891 1958 2934 Romanis
1985 2892 2130 2934 inatu-

284 2961 377 2991 rum
419 2946 670 3003 recipiebat.
728 2948 896 2992 Deinde
924 2950 1051 2992 vallis
1092 2949 1279 2994 incensis
1309 2949 1526 3003 omnibus,
1573 2963 1666 2992 cum
1695 2947 1894 2991 universo
1935 2948 2131 2992 exercitu

285 3003 452 3046 domum
479 3004 748 3059 remigravit.
1039 3009 1043 3014 '
1452 3031 1456 3035 -
1628 3004 1632 3007 ’

400 3075 472 3118 28.
530 3074 628 3116 Hoc
656 3075 748 3117 fere
780 3079 972 3131 tempore
1000 3075 1087 3119 duo
1128 3076 1283 3119 mortui
1321 3080 1421 3120 sunt
1461 3074 1641 3118 Romani
1679 3074 1834 3128 duces,
1872 3075 2014 3118 Iustus
2044 3076 2129 3119 Im-

287 3130 500 3188 peratoris
531 3145 557 3173 a
586 3131 724 3173 fratre
764 3146 923 3188 nepos,
964 3139 1010 3174 et
1040 3134 1247 3176 Peranius
1287 3134 1462 3176 natione
1489 3133 1612 3175 Iber:
1654 3131 1727 3174 iile
1758 3133 1902 3175 morbo
1933 3147 2130 3177 consum-

286 3194 414 3246 ptus,
457 3187 526 3229 hic
566 3186 611 3229 in
653 3189 883 3231 venatione
912 3203 1014 3232 casu
1044 3203 1098 3231 ex
1129 3204 1240 3247 equo
1270 3190 1484 3246 diruptus.
1543 3188 1712 3240 Quibus
1741 3189 1979 3246 Imperator
2008 3193 2130 3234 Mar-

286 3245 436 3288 cellum
465 3244 684 3296 submisit,
715 3259 834 3289 suum
865 3259 918 3288 ex
946 3259 1095 3288 sorore
1125 3251 1348 3302 nepotem,
1378 3246 1461 3289 iam
1492 3247 1818 3302 pubescentem,
1850 3253 1895 3290 et
1913 3247 2129 3290 constan-

287 3302 475 3351 tianum,
515 3301 591 3358 qui
631 3302 759 3358 pauio
802 3308 902 3345 ante
940 3317 1033 3345 cum
1063 3303 1219 3358 Sergio
1249 3303 1501 3359 legationem
1532 3304 1703 3346 obierat
1732 3303 1847 3360 apud
1877 3305 2126 3347 Chosroem.

288 3359 474 3402 Eosdem
514 3364 667 3414 postea
707 3359 1059 3403 Constantianum
1099 3374 1151 3403 ac
1191 3361 1392 3414 Sergium
1435 3360 1601 3409 legatos
1639 3360 1693 3404 de
1738 3375 1844 3417 pace
1880 3361 2032 3403 iterum
2073 3361 2126 3403 ad

290 3417 523 3460 Chosroem
562 3417 822 3461 Iustinianus
857 3419 968 3472 Aug.
1000 3417 1128 3461 misit.
1187 3418 1299 3461 Eum
1338 3417 1397 3460 ini
1436 3417 1711 3462 offenderunt
1737 3419 1781 3462 in
1810 3433 1863 3463 ea
1891 3427 2016 3476 parte
2047 3419 2128 3461 As-
