2254 3814
357 194 480 255 434
571 197 574 199 ’
1103 196 1434 249 PROCOPII

357 337 391 409 ἦ
428 333 562 407 λύμη
598 336 817 396 εὐπετῶς
856 333 935 386 ἐπὶ
971 333 1092 397 τοὺς
1132 333 1365 398 ἀνιόντας
1400 335 1600 406 ἐγίνετο.
1699 340 1956 406 καρτερῶς
1998 336 2052 389 δὲ
2084 341 2175 388 τοῦ

362 423 516 493 Φάρα
546 421 847 488 βιαζομένου
887 419 982 485 τὴν
1018 418 1236 486 ἄνοδον,
1293 422 1414 474 δέκα
1443 422 1536 488 μὲν
1569 422 1653 473 καὶ
1686 421 1862 474 ἓκατόν
1895 425 1999 473 τῶν
2032 420 2172 490 ἀμφ’

358 509 515 562 αὐτὸν
543 508 594 559 ἓν
618 512 691 577 τῷ
716 505 843 577 ἔργῳ
867 502 1034 576 τούτῳ
1065 506 1326 560 ἀπίθανον
1338 548 1355 572 ,
1401 505 1557 568 αὐτὸς
1579 507 1634 558 δὲ
1659 505 1747 568 ξῦν
1772 513 1879 566 τοῖς
1906 506 2178 566 ἐπιλοίποις

356 589 733 661 ἀποκρουσθὲὶς
769 586 1054 658 ἀνεχώρησε
1067 632 1084 657 ,
1133 594 1218 644 καὶ
1253 591 1352 643 ἀπ’
1407 591 1565 644 αὐτοῦ
1602 587 2049 659 ἄποπειράσασθαι
2086 590 2178 656 μὲν

355 684 449 747 τῆς
487 674 674 730 ἀνόδου
699 716 716 741 ,
773 674 1197 737 ἀντιστατοῦντος
1234 682 1326 729 τοῦ
1375 674 1712 745 πράγματος,
1768 675 1931 728 οὐκέτι
1970 672 2219 741 ἔτόλμα,5

356 762 590 834 φυλακὴν
627 761 683 813 δὲ
720 761 1262 829 κατεσπουδασμένην,
1310 759 1378 823 ὥς
1419 760 1489 814 ἔνι
1514 758 1738 827 μάλιστα
1752 801 1768 824 ,
1815 757 2179 827 κατεστήσατο,

356 847 408 901 εἷ’
428 841 539 908 πώς
573 846 622 899 οἳ
646 841 924 912 πιεζόμενοι
949 849 1020 916 τῷ
1049 852 1178 918 λιμῷ
1209 847 1256 899 οἳ
1285 847 1335 899 ἓν
1354 842 1621 919 ΙῙαππούᾳ
1645 850 1781 914 σφᾶς
1819 844 2006 906 αὐτοὺς
2028 846 2181 913 ἔγχει-

178 945 224 988 Η
254 944 336 988 130
365 934 585 1002 ρίσειαν,
632 933 717 983 καὶ
755 929 871 983 οὔτε
913 930 1303 1001 ἀποδιδράσκειν
1347 931 1535 993 αὖτοὺς
1584 932 1804 984 ἐνεδίδου
1842 930 1957 984 οὕτε
1996 951 2044 982 τι
2080 934 2182 981 τῶν

356 1018 546 1081 ἔξωθεν
586 1017 636 1077 ἒς
671 1015 858 1077 αὐτοὺς
892 1015 1159 1085 φέρεσθαι.
1249 1016 1379 1069 ἔνθα
1417 1016 1478 1084 δὴ
1506 1022 1580 1088 τῷ
1615 1037 1669 1069 τε
1704 1019 1754 1068 Γ
1750 1016 1934 1084 ελίμερι
1960 1016 2043 1066 καὶ
2074 1021 2183 1074 τοῖς

291 1106 333 1148 D
363 1102 501 1173 ἄμφ’
534 1101 691 1155 αὐτὸν
734 1100 1023 1171 ἀδελφιδοῖς
1047 1123 1102 1155 τε
1131 1104 1213 1155 καὶ
1246 1101 1544 1169 ἀνεψιαδοῖς
1567 1095 1680 1154 οὖσι
1705 1103 1788 1153 καὶ
1815 1099 1986 1161 ἄλλοις
2017 1093 2067 1151 εὗ
2093 1119 2174 1167 γε·
2197 1108 2218 1150 1

311 1203 314 1206 ’
353 1186 528 1259 γονόσι
562 1186 792 1250 ξυνέπεσε
835 1188 1158 1260 κακοπαθείᾳ
1187 1193 1450 1257 χρῆσθαι,
1496 1186 1559 1255 ἣν
1596 1185 1734 1247 ὅπως
1771 1186 1892 1238 ποτε
1933 1184 2059 1236 εἶ’ποι
2087 1204 2181 1248 τις,

357 1274 451 1327 οὐκ
478 1271 542 1326 ἂν
579 1270 766 1338 ὁμοίως
797 1279 904 1332 τοῖς
946 1269 1209 1342 πράγμασι
1241 1270 1440 1341 φράζοι.
1529 1271 1699 1324 ἐθνῶν
1722 1270 1818 1340 γὰρ
1844 1267 2082 1322 ἁπάντων
2113 1262 2183 1321 ὧν

354 1359 499 1426 ἴσμεν
523 1355 666 1424 ἡμεῖς
695 1353 985 1423 ἁβρότατον
1009 1358 1100 1423 μὲν
1140 1356 1199 1409 τὸ
1234 1362 1336 1410 τῶν
1375 1357 1675 1421 Βανδίλων,
1732 1352 2184 1423 ταλαιπωρότατον

355 1444 412 1496 δὲ
441 1442 501 1495 τὸ
530 1444 886 1511 Μαυρουσίων
922 1439 1186 1510 τετύχηκεν
1229 1440 1367 1495 εἶναι.
1455 1441 1503 1494 οἳ
1538 1442 1630 1509 μὲν
1661 1439 1790 1510 γὰρ,
1836 1441 1889 1503 ἐξ
1924 1437 2045 1493 ὅτου
2073 1442 2184 1492 Λι-

355 1525 489 1596 βύην
529 1525 706 1595 ἴσχον,
758 1527 1046 1592 βαλανείοις
1093 1547 1147 1580 τε
1184 1527 1232 1580 οἳ
1272 1525 1556 1594 ξύμπαντες
1593 1527 1872 1595 ἔπεχρῶντο
1909 1526 1959 1586 ἐς
1989 1523 2222 1595 ἢμὲρανΙ

356 1609 575 1681 ἑκάστην
601 1613 685 1665 καὶ
720 1612 940 1683 τραπέζῃ
976 1611 1164 1665 ἅπασιν
1191 1609 1515 1683 εὖθηνοῦσῃ,
1569 1609 1667 1664 ὅσα
1695 1611 1759 1679 δὴ
1794 1617 1857 1680 γῆ
1884 1632 1936 1663 τε
1967 1612 2049 1663 καὶ
2078 1607 2186 1662 θά-

355 1704 527 1752 λασσα
567 1694 753 1766 ἥδιστά
791 1719 844 1750 τε
889 1699 971 1750 καὶ
1011 1698 1195 1768 ἄριστα
1243 1698 1396 1769 φέρει.
1493 1694 1874 1767 ε’χρυσοφόρουν
1910 1697 1966 1748 δὲ
1999 1692 2068 1757 ὥς
2105 1697 2186 1748 ἐπὶ

355 1789 618 1848 πλεῖστον,
664 1783 747 1834 καὶ
772 1783 1018 1852 ,Μηδικὴν
1044 1784 1273 1852 ἐσθῆτα,
1308 1783 1372 1853 ἣν
1397 1789 1488 1837 νῦν
1516 1782 1739 1855 Σηρικὴν
1768 1787 2034 1847 καλοῦσιν,
2081 1781 2184 1847 ἆμ-

354 1866 646 1937 πεχόμενοι,
693 1866 745 1920 ἕν
780 1889 835 1921 τε
876 1866 1120 1939 θεάτροις
1150 1871 1234 1923 καὶ
1266 1869 1623 1939 ἶπποδρομίοις
1655 1871 1738 1921 καὶ
1770 1874 1833 1938 τῇ
1861 1867 1990 1937 ἄλλῃ
2026 1866 2182 1919 εὐπα-

353 1955 505 2028 θείᾳ,
553 1955 638 2006 καὶ
666 1949 873 2006 πάντων
901 1951 1126 2020 μάλιστα
1158 1957 1491 2023 κυνηγεσίοις,
1537 1954 1632 2016 τὰς
1661 1953 1927 2023 διατριβὰς
1954 1954 2221 2006 &mcciv-2

354 2060 431 2095 το.
484 2040 567 2091 καὶ
590 2039 763 2108 σφίσιν
788 2038 1034 2107 ὀρχησταὶ
1061 2042 1143 2092 καὶ
1166 2049 1312 2108 μΐμοι
1340 2036 1642 2107 ἀκοίσματοί
1668 2061 1722 2092 τε
1748 2038 1909 2107 συχνοὶ
1938 2039 2019 2090 καὶ
2052 2035 2182 2090 θεά-
2237 2042 2242 2046 ’

174 2127 212 2170 Ρ
243 2126 326 2170 249
355 2145 497 2191 ματα
540 2117 630 2190 ἦν,
679 2120 776 2176 ὅσα
817 2121 1039 2193 μουσικοί
1075 2146 1128 2178 τε
1165 2128 1248 2178 καὶ
1290 2124 1458 2187 ἄλλως
1490 2124 1769 2188 ἀξιοθέατα
1797 2125 1849 2177 ἐν
1885 2120 2183 2193 ἀνθρώποις

356 2209 618 2278 ξυμβαίνει
654 2205 794 2261 εἶναι.
882 2212 965 2264 καὶ
1005 2209 1199 2284 ᾤκηντο
1239 2211 1333 2279 μὲν
1373 2209 1544 2264 αὐτῶν
1575 2210 1623 2264 οἶ
1657 2211 1836 2264 πολλοὶ
1862 2210 1914 2263 ἓν
1937 2210 2183 2280 παραδεί-

468 2373 511 2417 3.
542 2366 715 2427 αὐτόν]
746 2367 892 2416 αὑτὸν
919 2373 973 2416 L.
1127 2375 1197 2419 ιο.
1228 2349 1412 2431 ἅπαις]
1452 2371 1596 2426 ἅιιως
1622 2373 1754 2419 Aah.
1928 2377 1997 2420 16.
2038 2371 2183 2431 εὐθη-
2236 2388 2245 2435 1

469 2428 645 2487 νούσῃ]
681 2426 1020 2490 εὐθενούσῃιῐι.
1134 2433 1206 2479 23.
1241 2429 1426 2490 αὐτῶν]
1456 2430 1618 2485 αὐτοῖς
1646 2432 1696 2476 1..

356 2572 483 2630 gnius
511 2579 812 2630 perrumpente
842 2588 1060 2618 ascensum
1090 2574 1262 2629 Phara,
1311 2575 1467 2621 cudunt
1507 2575 1645 2634 ipsius
1672 2575 1827 2619 milites
1855 2589 1924 2619 cx.
1955 2579 2040 2618 tum
2085 2574 2181 2632 ipse
2232 2595 2233 2598 ¹

356 2645 450 2673 cum
486 2630 661 2684 reliquis
701 2633 930 2688 propulsus
974 2633 1140 2689 recepit
1187 2647 1312 2686 sese3
1372 2648 1510 2691 neque
1549 2646 1680 2676 ausus
1720 2633 1921 2689 deinceps
1962 2646 2180 2676 ascensum
2232 2649 2244 2679 κ

328 2700 330 2704 ·
358 2692 528 2730 tentare
556 2687 612 2729 ‘ob
646 2688 811 2731 nimiam
840 2689 1159 2743 difficultatem,
1201 2691 1308 2734 satis
1345 2692 1494 2734 babuit
1522 2691 1757 2734 custodiam
1796 2705 1917 2746 quam
1945 2690 2183 2733 intentissi-

355 2758 462 2787 mam
494 2744 636 2800 potuit
677 2745 872 2801 agitare,
917 2753 966 2790 ut
994 2747 1067 2802 qui
1095 2753 1220 2791 erant
1246 2749 1291 2792 in
1320 2757 1462 2793 monte
1494 2748 1673 2805 Pappua
1700 2748 1753 2791 ad
1784 2747 2038 2790 deditionem
2068 2761 2183 2789 com-

358 2801 617 2858 pellerentur
647 2802 759 2844 fame
777 2834 791 2855 ,
834 2803 1039 2846 neminem
1081 2804 1180 2848 inde
1209 2805 1349 2859 elabi,
1379 2820 1519 2862 neque
1548 2819 1599 2847 eo
1629 2806 1858 2862 quidquam
1887 2805 1995 2847 soris
2022 2804 2182 2861 impor-

358 2858 446 2901 tari
475 2857 631 2900 sinens,
690 2859 755 2901 lbi
784 2861 1003 2913 Gelimer‚
1046 2867 1092 2905 et
1131 2862 1204 2918 qui
1235 2877 1326 2906 eum
1361 2862 1498 2907 secuti
1533 2863 1727 2914 fuerant,
1767 2861 1906 2918 ipsius
1935 2876 2025 2904 cum
2056 2875 2082 2903 a
2109 2875 2182 2903 so-
2225 2912 2226 2915 Ἴ

358 2929 458 2957 rore
487 2920 574 2956 tum
606 2930 658 2957 ex
688 2917 826 2960 fratre
855 2924 1055 2975 nepotes,
1086 2919 1242 2975 aliique
1269 2921 1459 2972 nobiles,
1490 2919 1544 2962 iis
1573 2920 1782 2963 aerumnis
1804 2925 1903 2962 sunt
1929 2917 2180 2970 conflictati,

357 2984 465 3028 quas
495 2985 614 3014 nemo
643 2974 786 3016 verbis
824 2989 1066 3031 exaequare
1106 2977 1253 3033 possit.
1311 2978 1542 3021 Enimvero
1580 2976 1792 3020 nationum
1837 2975 2043 3026 omnium,
2074 2987 2180 3031 quas

356 3027 577 3080 novimus,
608 3030 721 3072 nulla
750 3033 867 3074 victu
907 3033 1080 3075 lautiori
1108 3034 1322 3089 gaudebat
1362 3049 1488 3091 quam
1529 3033 1735 3077 Vandali:
1780 3046 1925 3075 rursus
1955 3032 2069 3074 nulla
2093 3032 2181 3074 ari-

355 3084 468 3128 diori
497 3098 544 3127 se
574 3092 813 3139 sustentat,
850 3103 972 3144 quam
1016 3090 1176 3133 Mauri.
1235 3091 1347 3134 Nam
1376 3092 1439 3134 illi
1457 3123 1472 3144 ,
1514 3105 1568 3133 ex
1607 3105 1691 3146 quo
1720 3089 1908 3131 Africam
1938 3103 2179 3145 occupave-

362 3147 484 3194 rant,
514 3142 772 3197 quotidianis
802 3159 943 3188 omnes
969 3146 1143 3198 balneis,
1173 3152 1218 3190 et
1244 3162 1412 3191 mensae
1428 3146 1690 3204 -conquisitis
1716 3151 1834 3189 terra
1861 3146 2052 3202 marique
2079 3157 2181 3188 sua-

362 3198 545 3241 vissimis
574 3199 680 3241 cibis
710 3207 931 3244 extructae
957 3201 1243 3246 insueverant.
1301 3208 1443 3248 Aureo
1473 3205 1668 3262 plerique
1697 3203 1831 3256 cultu,
1859 3209 1904 3245 et
1931 3211 2053 3245 veste
2084 3204 2182 3245 Me·
2222 3203 2223 3208 ’

362 3255 461 3299 dica
487 3256 709 3311 (sericam
739 3258 958 3314 appellant
983 3259 1142 3314 hodie)
1172 3261 1398 3317 splendidi,
1424 3261 1476 3304 in„
1495 3260 1752 3317 spectaculis
1778 3276 1830 3303 ac
1857 3261 1969 3303 ludis
1999 3260 2179 3302 Circen-
2211 3306 2214 3308 ,

362 3314 480 3356 sibus
508 3313 775 3370 caeterisque
804 3315 968 3357 deliciis
986 3347 998 3366 ‚
1037 3317 1289 3373 praesertim
1317 3318 1360 3360 in
1390 3319 1619 3362 venatione
1646 3318 1729 3361 toti
1757 3324 1892 3361 erant.
1948 3317 2177 3360 Saltatori-

362 3371 442 3413 bus
473 3385 525 3414 ac
554 3370 686 3413 mimis
714 3371 1052 3424 instructissimi,
1083 3374 1246 3416 aurium
1277 3375 1575 3431 oculorumque
1608 3375 1897 3431 voluptatibus
1926 3375 2176 3427 affluebant,
2210 3371 2216 3426 f

365 3441 471 3482 quas
500 3427 689 3471 homines
718 3443 771 3471 ex
801 3429 1075 3472 concentibus
1103 3431 1300 3484 musicis,
1340 3437 1384 3474 et
1425 3433 1552 3476 rebus
1590 3432 1646 3475 ad
1675 3439 1894 3490 aspectum
1923 3433 2178 3488 praeclaris·
2209 3476 2211 3481 ,

366 3483 483 3527 simis
511 3484 696 3543 capiunt.
754 3485 882 3530 Multi
907 3487 954 3530 in
985 3487 1190 3543 pomariis
1218 3488 1516 3546 benignissime
1542 3490 1701 3548 riguis,
1731 3497 1861 3550 atque
1889 3492 2046 3550 optime
2075 3506 2176 3535 con·-
