2254 3814
299 137 379 195 47
384 138 421 196 6
1058 137 1391 194 PROCOPII

295 277 474 348 χηδόνι
512 282 595 334 καὶ
636 275 933 350 Θεόδωρος,
979 280 1108 351 πρὸς
1138 285 1304 334 ταῦτα
1341 278 1577 350 ἄντικρυς
1602 275 1921 346 ἀπειπόντες,
1967 287 2121 348 βασι-

299 372 377 419 λεΐ
398 363 688 434 ὡμολόγουν
724 360 1036 435 Καρχηδόνα
1075 363 1368 436 φυλάσσειν.
1457 366 1750 433 πέμψαντες
1781 366 1838 419 δὲ
1859 366 1991 436 παρ’
2024 367 2120 420 αὗ-

298 451 387 504 τὸν
406 448 675 519 Ἰωσὴφιον
687 491 704 516 ,
748 455 852 503 τῶν
885 470 939 503 τε
978 451 1230 517 βασιλέως
1254 446 1496 520 φυλάκων
1529 450 1830 520 γραμματέα
1868 451 1959 504 οὔκ
1981 451 2120 523 ἀφα-

235 540 275 581 D
304 541 366 605 νῆ
388 533 627 605 γεγονότα
653 536 736 588 καὶ
761 541 853 604 τῆς
877 538 1182 604 Βελισαρίου
1207 537 1368 597 οἰκίας
1398 535 1538 600 ὄντα,
1578 536 1710 590 κατὰ
1730 537 1905 607 χρείαν
1929 538 1989 590 δέ
2008 559 2122 591 τινα

116 624 162 668 H
193 624 274 670 145
304 619 536 690 καὶπρὸς
563 618 751 682 αὐτοὺς
784 621 834 682 ἐς
870 619 1184 690 Καρχηδόνα
1222 620 1427 690 ἔναγχος
1465 621 1797 688 ἐσταλμένον,
1841 621 2014 688 ἠξίουν
2046 622 2159 690 μὴὸ

296 710 434 775 σφᾶς
466 705 744 775 περαιτέρω
779 702 1067 772 βιάζεσθαι.
1154 702 1382 770 Στότζας
1423 706 1508 771 δὲ,
1556 706 1658 759 ἐπεὶ
1692 711 1857 759 ταῦτα
1882 706 2116 776 ἤκουσεν,

288 787 556 860 Ἰωσήφιόν
576 812 629 843 τε
656 790 836 842 αὐτίκα
865 790 1044 844 ἔκτεινε
1071 793 1154 844 καὶ
1180 793 1232 853 ἐς
1254 792 1547 861 πολιορκίαν
1569 794 1875 845 καθίστατο.
1929 814 2120 861 κατορ-

296 873 616 943 ρωδήσαντές
644 897 697 928 τε
726 875 774 928 οἶ
798 877 850 930 ἓν
875 882 939 947 τῇ
971 874 1111 930 πόλει
1143 877 1232 930 τὸν
1267 878 1525 943 κίνδυνον,
1564 882 1703 947 σφᾶς
1737 898 1792 930 τε
1819 876 2008 938 αὐτοῦς
2034 879 2120 931 καὶ

292 955 607 1030 Καρχηδόνα
641 957 840 1035 Στότζα
867 963 1130 1031 ἐγχειρίσαι
1153 960 1395 1038 ὁμολογία
1421 963 1724 1017 διενοοῦντο.
1812 961 1871 1016 τὸ
1906 963 2000 1032 μὲν
2028 956 2118 1018 οὖν

289 1044 502 1116 Λιβύης
523 1043 870 1115 στρατόπεδον
895 1047 1098 1118 ἐφέρετο
1129 1050 1266 1119 τῇδε.
2131 1059 2188 1101 10

460 1129 761 1200 Βελισάριος
796 1132 878 1197 δὲ,
925 1131 1119 1203 ἄνδρας
1153 1131 1403 1195 ἀπολέξας
1436 1129 1616 1186 ἑκατὸν
1643 1135 1746 1186 τῶν
1771 1129 1931 1186 αὖτοῦ
1960 1134 2118 1203 δορυ-

293 1212 468 1288 φόρων
495 1238 548 1269 τε
584 1220 668 1268 καὶ
694 1215 1027 1270 ὗπασπιστῶν
1050 1219 1133 1270 καὶ
1156 1215 1440 1284 Σολόμωνα
1465 1213 1797 1287 ἐπαγόμενος,
1843 1223 1937 1292 μιᾷ
1961 1220 2040 1286 νηὶ
2066 1218 2117 1280 ἔς

111 1313 149 1355 P
178 1313 262 1357 273
291 1298 606 1372 Καρχηδόνα
641 1301 943 1354 κατέπλευσε
981 1303 1092 1372 περὶ
1134 1300 1331 1370 λύχνων
1368 1297 1542 1373 ἁφὰς,
1597 1300 1745 1371 ἡνίκα
1781 1301 1874 1371 τὴν
1897 1299 2042 1357 πόλιν
2066 1305 2117 1358 οἷ

290 1391 676 1457 πολιορκοῦντες
705 1387 878 1457 σφίσιν
907 1387 1256 1457 ἕγχειριεΐσθαι
1284 1393 1347 1459 τῇ
1370 1385 1616 1462 ὑστεραίᾳ
1639 1385 1998 1458 ἐκαραδόκουν.
2061 1390 2114 1442 ἓν

112 1481 154 1523 V
181 1483 263 1527 411
296 1473 457 1524 ἐλπίδι
492 1493 546 1525 τε
581 1476 747 1524 ταῦτα
784 1471 979 1540 ἔχοντες
1016 1472 1108 1540 τὴν
1142 1470 1300 1531 νύκτα
1339 1474 1528 1542 ἐκείνην
1552 1473 1843 1542 ηῧλίσαντο.
1930 1474 2032 1526 ἐπεὶ
2060 1475 2115 1527 δὲ
2127 1487 2180 1531 15

288 1555 453 1627 ἡμέρα
478 1578 531 1609 τε
555 1554 763 1626 ἐγεγόνει
793 1559 876 1610 καὶ
904 1555 1207 1628 Βελισάριον
1239 1567 1471 1629 παρεῖναι
1495 1557 1725 1626 ἔμαθον,
1770 1555 2015 1620 λύσαντες
2044 1557 2112 1623 (ὃς

287 1641 504 1710 τάχιστα
539 1642 598 1694 τὸ
644 1640 991 1713 στρατόπεδον
1039 1646 1263 1713 αἰσχρῶς
1317 1665 1370 1697 τε
1406 1645 1492 1697 καὶ
1535 1640 1712 1715 κόσμῳ
1741 1643 1902 1696 οὐδενὶ
1929 1645 1978 1705 ἐς
2006 1665 2110 1714 φυ-

284 1727 377 1797 γὴν
409 1726 661 1796 ὥρμηντο.
750 1727 1051 1798 Βελισᾶριος
1080 1731 1134 1782 δὲ
1157 1734 1248 1783 τοῦ
1272 1734 1496 1799 στρατοῦ
1521 1723 1655 1800 ἀμφὶ
1680 1730 1953 1796 δισχιλίους
1975 1727 2109 1797 ἀγεί-

285 1834 378 1883 ρας
402 1815 486 1865 καὶ
525 1813 576 1873 ἐς
614 1811 811 1866 εὔνοιαν
851 1813 1040 1876 αὖτοὺς
1080 1814 1175 1882 τὴν
1202 1814 1454 1882 βασιλέως
1486 1811 1655 1884 λόγοις
1675 1835 1729 1867 τε
1763 1811 1995 1883 ὅρμήσας
2025 1817 2109 1867 καὶ

277 1895 506 1967 χρήμασι
530 1902 735 1960 πολλοῖς
759 1897 1044 1969 ἐπιρρώσας
1066 1899 1160 1967 τὴν
1187 1901 1355 1963 δίωξιν
1379 1901 1457 1953 ἐπὶ
1490 1899 1612 1961 τούς
1636 1895 1915 1969 φεύγοντας
1936 1897 2177 1969 {noni-20

279 2003 428 2038 σατο.
515 1984 599 2034 καὶ
628 1982 816 2045 αὐτοὺς
842 1985 893 2046 ἐς
928 1985 1261 2054 ΖΡΙέμβρησαν
1293 1982 1440 2038 πόλιν
1470 1982 1874 2051 καταλαμβάνει,
1921 1983 2107 2055 πεντή-

278 2089 434 2120 κοντα
459 2069 543 2120 καὶ
569 2070 876 2138 τριακοσίοις
900 2071 1127 2132 σταδίοις
1150 2066 1490 2140 Καρχηδόνος
1514 2070 1798 2137 διέχουσαν.
1888 2068 2017 2123 ἔνθα
2041 2071 2105 2139 δὴ

242 2218 244 2221 ¹
277 2150 505 2223 ἑκάτεροι
552 2151 1108 2224 στρατοπεδευσάμενοι
1144 2152 1402 2224 ἓςμάχην
1437 2151 1900 2227 παρεσκευάζοντο,
1945 2156 2107 2224 οἱμὲν

389 2331 459 2375 11.
490 2324 644 2375 αὐτοῦ
655 2328 675 2387 ]
705 2328 857 2377 αὐτοῦ
884 2331 938 2375 Ρ.
1055 2333 1126 2382 18.
1154 2330 1342 2392 ἀγείρας
1365 2332 1532 2378 ALPm.
1590 2329 1766 2391 ἐγείρας
1795 2332 1847 2376 Ρ.

277 2500 370 2528 cum
401 2501 452 2529 eo
483 2486 786 2544 Carthaginem
828 2487 1060 2542 tenebant,
1099 2489 1227 2547 plane
1270 2487 1602 2546 praeciderunt,
1639 2486 1852 2546 professi,
1879 2489 2026 2533 urbem
2056 2502 2105 2533 se

275 2543 528 2599 Imperatori
552 2558 730 2587 servare
749 2576 760 2596 ,
804 2550 850 2587 et
878 2561 904 2590 a
934 2547 1093 2599 Stoza,
1131 2553 1179 2589 ut
1203 2545 1247 2588 vi
1284 2546 1507 2590 inferenda
1537 2545 1789 2598 absisteret,
1821 2547 2101 2602 postularunt,

275 2601 401 2642 misso
432 2601 487 2642 ad
517 2616 609 2644 eum
652 2602 876 2658 Iosephio‚
920 2617 1003 2645 non
1044 2603 1219 2660 ignobili
1252 2603 1348 2646 viro
1368 2634 1383 2656 ‚
1427 2603 1501 2661 qui
1540 2610 1666 2648 antea
1696 2603 1914 2646 custodum
1945 2604 2102 2647 Palatii

275 2657 379 2712 Imp.
421 2657 563 2700 scriba
602 2659 771 2712 fuerat,
810 2665 915 2702 tunc
954 2666 1093 2703 autem
1135 2660 1334 2703 Belisarii
1373 2660 1654 2713 domesticus,
1697 2659 1862 2716 negotii
1886 2659 2101 2703 cuiusdam

211 2760 215 2764 ,
275 2727 407 2755 causa
437 2715 742 2770 Carthaginem
772 2722 967 2759 venerat.
1025 2717 1108 2760 His
1136 2719 1291 2761 Stozas
1322 2717 1504 2769 auditis,
1546 2717 1660 2760 illico
1690 2717 1928 2771 Iosephium
1957 2724 2101 2770 necat,

275 2776 322 2812 et
351 2770 611 2814 obsidionem
640 2774 838 2828 capessit.
900 2773 1086 2818 Obiecto
1125 2774 1317 2832 periculo
1355 2774 1518 2827 territi,
1563 2773 1705 2831 quiin
1735 2775 1843 2816 urbe
1871 2774 2102 2830 degebant,

273 2827 356 2868 iarn
386 2841 434 2869 se
463 2833 507 2870 et
536 2829 840 2885 Carthaginem
869 2831 1071 2886 pactione
1100 2831 1208 2874 inita
1235 2832 1394 2876 Stozae
1431 2832 1591 2876 dedere
1617 2831 1664 2874 in
1696 2832 1836 2875 animo
1865 2832 2098 2875 habebant.

270 2883 354 2926 Hic
382 2888 522 2927 status
552 2891 646 2928 erat
673 2888 737 2928 rei
766 2887 959 2931 militaris
986 2888 1031 2931 in
1063 2889 1224 2932 Africa.

380 2968 618 3012 Belisarius
647 2976 813 3024 autem,
844 2976 1013 3016 centum
1043 2990 1068 3018 e
1097 2973 1299 3017 satellitio
1329 2987 1405 3018 sno
1434 2973 1641 3026 delectis,
1680 2971 1902 3016 Salomone
1929 2973 2097 3028 comite,

269 3023 435 3077 navim,
464 3040 588 3082 quam
617 3041 743 3070 unam
772 3036 1028 3085 acceperat,
1069 3031 1372 3086 Carthaginem
1403 3031 1569 3089 appulit
1597 3030 1733 3085 prima
1760 3031 1881 3072 face:
1922 3033 2094 3086 quando

266 3083 510 3125 obsessores
540 3083 794 3127 deditionem
825 3087 941 3128 urbis
982 3087 1190 3143 postridie
1217 3089 1456 3132 faciendam
1485 3086 1755 3143 cupidissime
1783 3089 2094 3143 expectabant:

267 3153 354 3194 qua
394 3153 472 3195 spe
514 3140 632 3197 capti
674 3148 995 3195 pernoctarunt.
1057 3145 1122 3186 Ut
1157 3145 1321 3196 illuxit,
1352 3159 1403 3186 ac
1431 3144 1686 3188 Belisarium
1716 3143 1866 3187 adesse
1905 3145 2091 3187 auditum

266 3202 360 3244 est,
390 3210 563 3239 movere
591 3197 785 3253 protinus
807 3230 820 3251 ‚
877 3204 922 3241 et
958 3202 1149 3256 turpiter
1189 3201 1516 3258 inordinateque
1557 3213 1605 3243 se
1642 3200 1686 3242 in
1731 3201 1874 3255 fugam
1915 3202 2090 3244 dedere.

264 3253 528 3308 Belisarius,
559 3268 651 3298 cum
680 3254 853 3297 militum
883 3255 966 3298 duo
997 3257 1170 3298 circiter
1195 3258 1310 3300 milla
1339 3258 1603 3313 collegisset,
1647 3271 1699 3300 ac
1727 3260 1900 3310 verbis,
1931 3264 1978 3300 ut
2007 3259 2091 3300 Im-

264 3311 456 3364 peratori
483 3312 736 3365 studerent,
766 3313 962 3354 hortatus
991 3313 1191 3355 donativo
1222 3315 1350 3356 etiam
1379 3314 1633 3369 amplissimo
1663 3314 1981 3367 confirmasset,
2022 3316 2090 3357 in-

266 3373 438 3408 secutus
462 3374 529 3410 est
556 3368 796 3423 fugientes,
838 3375 884 3411 et
912 3376 1134 3412 assecutus
1172 3369 1227 3412 ad
1257 3372 1402 3413 urbem
1433 3371 1742 3423 membresam,
1780 3372 1932 3414 stadiis
1962 3385 2086 3414 cccn.

268 3422 533 3481 Carthagine
562 3425 767 3468 dissitam.
827 3425 1015 3483 Utrique
1053 3426 1114 3470 ibi
1144 3426 1319 3478 metati,
1357 3442 1406 3470 se
1444 3428 1500 3472 ad
1541 3443 1722 3487 pugnam
1762 3428 2008 3484 accingunt:
2037 3442 2088 3471 ac
