2254 3814
344 151 466 212 394
1090 154 1422 209 PROCOPII

344 300 545 352 ναυτῶν
578 314 706 360 τισι,
753 298 844 347 τοῦ
878 314 932 347 τε
963 289 1252 365 στρατηγοῦ
1290 291 1703 368 ἀφροντιστῆσας
1738 298 1821 350 καὶ
1861 302 1962 350 τῶν
2005 297 2171 352 ἄλλων

341 379 546 435 πάντων
570 382 620 442 ἐς
648 380 707 433 τὸ
748 376 1091 448 ΖῑῙανδροῖκιον
1126 379 1302 452 λάθρα
1343 382 1526 451 ἐπέβη,
1577 381 1780 444 οὗδενός
1804 387 2026 436 κωλῦσαι
2052 390 2171 436 τολ-

341 465 634 536 μήσαντος,
709 466 792 518 καὶ
817 461 1061 535 χρήματα
1098 472 1201 519 τῶν
1248 466 1325 520 ἐπὶ
1366 465 1612 541 θαλάσσῃ
1646 466 1917 541 ᾠκημένων
1941 467 2093 531 ξένων
2117 490 2170 522 τε

345 554 427 606 καὶ
451 551 820 618 Καρχηδονίων
853 548 1087 622 ἐμπόρων
1112 549 1375 622 διήρπασε.

516 640 597 706 Τῇ
623 636 678 687 δὲ
708 635 1026 708 ἐπιγενομένη
1060 634 1223 711 ἡμέρα
1248 634 1550 707 Βελισάριος
1574 633 1698 699 τούς
1726 658 1779 690 τε
1807 638 1859 691 ἐν
1886 646 1998 699 ταῖς
2021 639 2168 691 ναυσὶ
2186 650 2212 692 5

345 721 439 791 τὴν
476 719 732 788 ἀπόβασιν
769 720 961 773 ἐκέλευε
1000 728 1260 775 ποιεῖσθαι
1295 724 1379 775 καὶ
1417 722 1534 776 ὅλον
1560 720 1908 790 διακοσμήσας
1934 722 1992 776 τὸ
2016 721 2176 791 στρά-

269 819 310 862 Ι)
346 828 508 874 τευμα
519 847 536 872 ,
563 803 808 868 διατάξας
833 827 885 858 τε
909 803 976 868 ὥς
999 808 1050 869 ἐς
1072 803 1243 876 μάχην
1267 809 1345 860 ἐπὶ
1362 805 1675 879 Καρχηδόνα
1696 805 1995 876 ἐσήλαυνεν·
2022 807 2176 860 ἔδεισε

341 892 438 962 γὰρ
470 888 542 960 μή
572 892 649 954 τίς
676 892 724 945 οἳ
752 890 929 962 ἐνέδρα
960 892 1090 963 πρὸς
1122 899 1226 946 τῶν
1261 895 1514 961 πολεμίων
1551 891 1857 964 ὖπαντιάσῃ.
1947 892 2076 946 ἔνθα
2111 893 2172 961 δὴ

343 976 510 1030 πολλὰ
532 978 625 1045 μὲν
648 977 769 1039 τούς
792 975 1111 1048 στρατιώτας
1131 976 1433 1048 ὑπέμνησεν,
1476 976 1625 1048 ἡλίκα
1652 979 1825 1049 σφίσιν
1852 974 2176 1046 εὐτυχήματα

339 1063 563 1133 γένοιτο,
609 1062 776 1130 ἐπειδὴ
821 1061 1162 1134 σωφροσύνην
1201 1065 1253 1126 ἐς
1285 1066 1499 1131 Λίβυας
1519 1065 1867 1129 ἐπεδείξαντο,
1923 1063 2086 1117 πολλοὶ
2119 1063 2174 1116 δέ
2191 1074 2244 1116 10

341 1145 591 1219 παρῄνεσε
619 1148 710 1216 τὴν
735 1146 1008 1215 εὐκοσμίαν
1036 1149 1089 1201 ἐν
1114 1146 1414 1219 Καρχηδόνι
1447 1146 1516 1211 ὥς
1540 1146 1764 1216 μάλιστα
1793 1146 2172 1202 διασώσασθαι.

334 1231 616 1300 Ῥωμαίους
648 1233 744 1302 γὰρ
785 1232 843 1285 τὸ
883 1233 1130 1286 ἀνέκαθεν
1168 1232 1320 1295 ’όντας
1350 1235 1566 1301 Λίβυας
1598 1231 1830 1295 ἅπαντας
1864 1233 2101 1302 γενέσθαι
2122 1255 2174 1286 τε

339 1316 441 1371 ὖπό
467 1320 740 1379 Βανδίλοις
777 1316 887 1370 οὔτι
911 1317 1239 1381 ἐθελουσίους
1263 1321 1347 1372 καὶ
1376 1319 1541 1372 πολλὰ
1582 1318 1885 1371 πεπονθέναι
1928 1318 2055 1389 πρὸς
2082 1318 2174 1371 ἇν-

344 1406 482 1474 δρῶν
514 1400 797 1472 βαρβάρων
838 1400 1036 1458 ἀνόσια.
1123 1403 1200 1457 διὸ
1237 1404 1299 1474 δὴ
1344 1406 1427 1457 καὶ
1452 1403 1669 1473 βασιλέα
1693 1403 1745 1466 ἒς
1764 1397 1982 1471 πόλεμον
2011 1425 2172 1456 κατα-

342 1493 524 1557 στῆναι
557 1490 860 1554 Βανδίλοις,
915 1486 1043 1543 εἶναί
1067 1510 1120 1542 τε
1161 1489 1257 1558 οὐχ
1293 1487 1433 1543 ὅσιον
1473 1491 1731 1559 ξυμβῆναί
1761 1510 1807 1542 τι
1838 1489 1967 1558 πρὸς
2003 1490 2173 1542 αὐτῶν
2190 1499 2243 1544 15

342 1572 495 1644 ι’ίχαρι
532 1573 584 1636 ἐς
618 1571 933 1644 ἀνθρώπους
946 1616 962 1640 ,
1008 1567 1079 1628 ὧν
1110 1574 1204 1643 τὴν
1242 1576 1536 1646 ἐλευθερίαν
1571 1572 1821 1628 ὑπόθεσιν
1845 1572 2174 1643 ποιησάμενοι

344 1659 424 1711 ἐπὶ
462 1661 751 1722 Βανδίλους
783 1657 1141 1730 ἐστράτευσαν.
1229 1667 1460 1714 τοσαῦτα
1494 1659 1803 1731 παραινέσας
1844 1659 1896 1722 ἴς
1936 1681 1989 1714 τε
2024 1663 2175 1729 Καρ-

169 1760 206 1803 Ρ
234 1761 316 1805 225
341 1741 541 1813 χηδόνα
568 1747 777 1813 εἰσῆλθε
806 1747 921 1810 καὶ,
970 1746 1073 1798 ἐπεὶ
1102 1746 1339 1813 πολέμιον
1366 1746 1513 1800 οὐδὲν
1546 1748 1717 1817 σφίσιν
1740 1747 1990 1816 ἐφαίνετο,
2038 1745 2090 1803 ἐς
2115 1744 2174 1797 τὸ

345 1826 593 1882 παλὰτιον
631 1830 830 1897 ἀναβὰς
867 1831 918 1883 ἐν
960 1836 1032 1904 τῷ
1071 1834 1122 1883 Γ
1118 1833 1345 1902 ελίμερος
1382 1829 1561 1904 θρόνῳ
1599 1829 1852 1884 ἐκάθισεν.
1942 1831 2174 1883 ἐνταῦθα

343 1912 633 1982 ἐντυχόντες
659 1920 823 1987 πολλῇ
848 1921 1043 1987 κραυγῇ
1073 1918 1358 1989 Βελισαρίῳ
1394 1914 1628 1987 ἐμπόρων
1662 1937 1715 1969 τε
1743 1920 1945 1983 πλῆθος
1967 1917 2050 1968 καὶ
2079 1914 2170 1968 ἄλ·
2186 1924 2243 1966 20

344 2005 425 2053 λοι
451 1996 825 2070 Καρχηδόνιοι,
873 1999 1011 2062 ὅσοις
1046 1999 1390 2054 ἐπιθαλάσσια
1423 2001 1490 2055 τὰ
1518 1998 1773 2070 οἰκήματα
1805 1998 2070 2069 τετύχηκεν
2105 1998 2175 2052 εἶ-

343 2107 459 2150 ναι,
515 2084 731 2156 ᾐτιῶντο
777 2083 1010 2156 ἁρπαγὴν
1047 2087 1192 2156 σφίσι
1231 2092 1334 2139 τῶν
1376 2084 1711 2158 ὑπαρχόντων
1742 2091 1806 2157 τῇ
1840 2084 2176 2156 προλαβούσῃ

345 2171 488 2223 νυκτὶ
523 2169 653 2241 πρὸς
689 2175 792 2225 τῶν
822 2176 1023 2224 ναυτῶν
1053 2174 1320 2241 ξυμβῆναι.
1389 2170 1415 2226 ὅ
1446 2174 1503 2226 δέ
1537 2168 1860 2240 Καλώνυμον
1888 2169 2058 2243 ὅρκοις
2079 2193 2173 2223 κα-

453 2306 497 2348 2.
529 2302 687 2365 ἐπέβη]
718 2301 864 2364 ἀπέβη
895 2306 947 2349 L.
1032 2309 1076 2352 5.
1105 2303 1416 2368 ἐπιγενομένη]
1445 2304 1734 2366 ἐπιγινομένῃ
1748 2307 1880 2350 LHm.
1967 2301 2171 2352 12‘1202-

452 2365 623 2419 μαίους
650 2361 769 2421 γὰρ]
799 2363 887 2422 γὰρ
915 2369 1016 2421 post
1042 2365 1218 2423 Λίβυας
1246 2365 1341 2408 HL.

339 2491 450 2521 mum
469 2509 482 2532 ,
524 2477 596 2535 qui
634 2491 727 2520 cum
758 2477 922 2534 aliquot
961 2477 1124 2531 nautis,
1158 2478 1274 2522 nulla
1302 2477 1502 2535 Magistri
1530 2478 1731 2532 militum,
1762 2477 1876 2522 nulla
1905 2482 2170 2522 caeterorum

340 2535 523 2578 omnium
552 2535 702 2577 habita
731 2535 926 2587 ratione,
966 2535 1072 2578 clam
1111 2535 1406 2579 Mandracium
1434 2536 1589 2590 subiit,
1631 2535 1798 2579 nemine
1826 2536 1985 2579 offerre
2014 2549 2171 2577 moram

342 2592 551 2643 audente,
585 2598 631 2634 et
659 2598 942 2643 mercatores,
973 2606 1066 2634 cum
1097 2599 1300 2646 exteros,
1331 2603 1418 2637 tum
1448 2593 1854 2650 Carthaginienses,
1889 2592 1966 2650 qui
1995 2598 2172 2650 propter

342 2662 462 2691 mare
493 2648 771 2700 habitabant,
799 2649 990 2706 pecuniis
1018 2650 1236 2705 spoliavit.

456 2706 701 2761 Insequenti
740 2706 811 2749 die
839 2706 1074 2750 Belisarius
1106 2721 1351 2751 exscensum
1382 2706 1614 2750 classiariis
1642 2706 1847 2764 imperat,
1888 2710 1934 2749 et
1961 2705 2170 2749 adornato
2252 2756 2254 2758 ¹

340 2761 540 2805 universo
570 2762 788 2816 exercitu,
834 2778 974 2820 neque
1018 2764 1143 2807 aliter
1206 2779 1299 2807 uam
1343 2765 1398 2807 ad
1427 2779 1611 2821 pugnam
1640 2764 1882 2820 disposito,
1924 2763 2170 2805 insidiarum
2245 2774 2254 2817 ζ

342 2819 559 2861 hostilium
588 2825 700 2861 metu
728 2820 772 2862 id
801 2822 1035 2873 suadente,
1064 2821 1150 2864 iter
1217 2821 1480 2878 arthaginem
1509 2835 1657 2865 versus
1683 2821 1848 2877 dirigit.
1906 2821 1994 2862 Ubi
2026 2819 2170 2875 proxi·
2246 2819 2254 2870 ζ

342 2891 410 2918 me
437 2882 611 2919 ventum
641 2884 734 2927 est,
765 2878 922 2920 multus
950 2879 1036 2921 fuit
1062 2878 1107 2920 in
1137 2878 1509 2922 commemorandis
1536 2879 1662 2921 militi
1692 2877 1959 2921 successibus
1989 2890 2170 2932 prospe-

342 2933 430 2984 ris,
459 2946 565 2989 quos
594 2933 787 2976 exhibita
817 2935 933 2978 Afris
952 2935 1195 2979 'moderatio
1224 2937 1493 2993 peperisset:
1525 2935 1746 2993 plurimum
1777 2936 1973 2976 hortatus
2003 2940 2090 2982 est,
2122 2938 2170 2974 ut
2249 2935 2254 2989 J

341 2990 633 3046 disciplinam,
664 2991 916 3046 praesertim
947 2993 1224 3048 Carthagine,
1254 2998 1480 3036 servarent
1508 3007 1559 3034 ac
1589 2991 1870 3034 meminissent
1889 2991 1996 3034 ‚olim
2026 2991 2168 3042 Afros,
2244 3031 2245 3034 ,

341 3061 435 3089 cum
465 3060 609 3090 omnes
638 3054 781 3090 essent
813 3049 1018 3100 Romani,
1047 3050 1206 3093 invitos
1232 3050 1376 3106 iugum
1407 3048 1683 3092 vandalicum
1711 3047 1901 3098 subiisse,
1932 3054 1975 3089 et
2006 3061 2030 3089 a
2060 3047 2170 3088 Bar-

342 3103 461 3146 baris
497 3103 763 3159 iniquissime
800 3106 932 3148 fuisse
974 3107 1168 3158 habitos3
1206 3114 1441 3163 propterea
1479 3107 1779 3162 imperatorem
1818 3118 1934 3147 arma
1964 3104 2168 3147 movisse:

344 3162 469 3203 nefas
498 3174 594 3202 esse
621 3161 855 3204 molestiam
900 3162 984 3204 illis
1014 3164 1250 3216 facessere,
1290 3177 1466 3219 quorum
1498 3161 1710 3204 libertatis
1748 3175 1876 3204 causa
1905 3162 2058 3203 bellum
2091 3163 2170 3202 hoc

340 3217 644 3275 suscepissent.
700 3217 795 3260 Hac
837 3232 936 3260 usus
973 3220 1295 3271 cohortatione,
1335 3218 1635 3273 Carthaginem
1675 3218 1940 3274 ingreditur,
1983 3233 2034 3260 ac
2062 3217 2167 3259 nihil

340 3289 515 3332 usquam
545 3274 700 3317 hostile
732 3281 906 3328 nactus,
949 3275 1150 3332 palatium
1189 3276 1409 3327 ascendit,
1447 3276 1518 3318 ubi
1557 3275 1672 3318 sedit
1710 3277 1757 3318 in
1785 3275 2014 3318 Gelimeris
2044 3274 2163 3316 solio.

340 3333 438 3375 Huc
469 3338 727 3391 mercatores
771 3332 930 3387 aliique
968 3332 1374 3387 Carthaginienses,
1421 3346 1594 3388 quorum
1639 3332 1767 3375 aedes
1794 3347 1911 3375 mare
1940 3341 2167 3390 praetexe-

342 3391 472 3444 bant,
506 3390 623 3431 facto
655 3388 845 3443 agmine,
889 3389 1179 3432 vociferantes
1208 3388 1465 3432 conveniunt
1493 3390 1769 3443 Belisarium,
1813 3403 1946 3446 seque
1973 3404 1999 3431 a
2027 3387 2168 3430 nautis

341 3446 552 3503 superiori
582 3451 709 3490 nocte
737 3445 947 3504 expilatos
976 3451 1220 3503 queruntur.
1281 3447 1358 3491 Ille
1387 3447 1660 3504 Calonymum
1676 3447 1946 3491 iureiurando
1980 3445 2168 3489 obstrin-
