2254 3814
317 128 441 188 376
1070 130 1406 190 PROCOPII

313 269 597 340 λελείψεται
615 287 628 300 ·
674 266 958 341 ἁμάρτημα
982 271 1079 342 γὰρ
1106 272 1403 344 προρρηθὲν
1424 271 1517 340 τὴν
1541 269 1818 343 ἀπολογίαν
1841 272 1927 344 ἔφ’
1958 272 2142 328 ἑαυτοῦ

313 356 471 427 φέρει.
554 354 675 423 ἡμῖν
706 356 762 409 δὲ
784 358 868 408 καὶ
896 359 1225 412 διασωθεΐσιν
1250 357 1460 425 οὐδεμία
1487 356 1773 427 συγγνώμη.
1859 363 2060 412 πολλῶν
2087 360 2144 413 δὲ

313 440 502 506 ὄντων,
549 439 610 506 ἢν
639 441 690 493 ἐν
715 449 830 503 ταῖς
854 444 1002 495 ναυσὶ
1024 441 1283 511 μένωμεν,
1331 445 1616 512 δυσχερῶν,
1664 443 1818 496 ε’κεῖνο
1840 441 2000 511 μόνον
2029 445 2143 497 ἱκα-

250 531 290 575 C
316 531 443 590 νῶς,
492 521 632 592 οἶμαι
645 565 663 592 ,
710 525 955 588 λελέξεται
968 567 985 592 ,
1030 520 1072 601 ᾧ
1120 525 1346 596 μάλιστα
1392 529 1716 582 δεδίττεσθαι
1750 525 1888 597 ἡμᾶς
1924 528 2139 595 ἀξιοῦσι,

313 610 403 664 τὸν
423 614 651 678 χειμῶνα
676 610 1072 674 ἕπανασείοντες.
1135 612 1196 680 ἢν
1217 609 1314 683 γάρ
1339 633 1417 675 τις
1441 613 1664 667 ε’πιπὲσοι
1685 612 1875 682 χειμών
1887 654 1906 681 ,
1951 610 2141 683 ἀνάγκη
2158 629 2186 673 5

314 702 428 757 ταῖς
460 696 667 760 ναυσὶν,
715 694 886 767 ὥσπερ
919 698 1080 767 φασὶ,
1130 700 1274 751 δυοῖν
1304 701 1559 766 ξυμβῆναι
1583 698 1642 752 τὸ
1666 699 1863 770 ἕτερον,
1907 695 1940 765 ἢ
1968 695 2146 769 πόρρω

313 801 414 833 που
438 784 533 848 τῆς
553 777 764 849 Λιβύης
786 783 1062 852 διαφυγεῖν,
1107 781 1140 851 ἢ
1163 785 1241 836 ἐπὶ
1264 788 1356 852 τῆς
1379 783 1535 851 ἀκτῆς
1559 785 1916 855 διαφθαρῆναι
1936 780 2143 852 ταύτης.

315 867 370 918 τί
404 866 574 919 τοίνυν
618 863 687 927 ὥς
727 868 780 918 ἐκ
799 872 921 920 ,τῶν
954 864 1224 937 παρόντων
1251 866 1508 936 ἑλομένοις
1534 866 1656 937 ἡμῖν
1676 873 1874 936 μᾶλλον
1898 870 2146 938 ξυνοίσεις

312 947 476 1019 μόνας
501 948 826 1022 διεφθάρθαι
852 952 946 1014 τὰς
973 957 1126 1018 ναῦς,
1172 952 1205 1022 ἢ
1242 952 1418 1015 αὐτοῖς
1437 951 1682 1023 ἀνδράσιν
1711 951 1914 1007 ἅπαντα
1941 953 2148 1007 ἀπολω-

309 1035 450 1089 λέναι
474 1035 539 1089 τὰ
572 1034 884 1106 πράγματα,·
929 1040 1083 1107 χωρὶς
1108 1038 1164 1091 δὲ
1186 1036 1382 1092 τούτων
1409 1043 1500 1092 νῦν
1522 1039 1615 1106 μὲν
1638 1036 2013 1109 ἀπαρασκεύοις
2037 1040 2146 1091 ἓπι-
2163 1053 2217 1095 10

311 1117 548 1183 πεσόντες
581 1129 690 1184 τοῖς
723 1124 978 1190 πολεμίοις
1018 1123 1150 1176 κατὰ
1176 1129 1326 1189 νοῦν,
1374 1120 1444 1184 ὥς
1465 1122 1526 1176 τὸ
1554 1122 1713 1189 εἰκὸς,
1759 1121 2143 1191 ἀπαλλάξομεν·

311 1205 380 1259 τὰ
403 1205 503 1277 γὰρ
527 1206 745 1274 πολέμια
765 1212 836 1279 τῷ
860 1204 1227 1280 ἀπροσδοκήτῳ
1253 1210 1576 1261 δουλοῦσθαι
1611 1207 1829 1279 πέφυκε·
1873 1207 2053 1279 μικρὸν
2092 1209 2149 1262 δὲ

310 1289 526 1361 ὕστερον
549 1296 653 1344 τῶν
676 1293 927 1359 πολεμίων
954 1293 1005 1344 ἓν
1031 1297 1328 1364 παρασκευῇ
1348 1289 1621 1363 γεγονότων
1645 1294 1699 1356 ἐξ
1724 1289 2003 1347 ἀντιπάλου
2029 1290 2161 1361 ἧμΐν-

310 1381 404 1445 τῆς
440 1372 705 1444 δυνάμεως
746 1374 773 1430 ὃ
814 1376 949 1446 ἀγὼν
986 1375 1146 1432 ἔσται.
1232 1379 1486 1449 προσθείη
1522 1377 1576 1431 δ’
1618 1377 1680 1432 ι’ίν
1716 1399 1794 1441 τις
1819 1375 1888 1441 ὥς
1911 1380 1994 1432 καὶ
2020 1376 2148 1451 ὗπὲρ

238 1460 279 1503 D
322 1460 482 1529 αὐτῆς
503 1461 627 1523 ἴσως
657 1461 983 1531 ἀγωνιεῖσθαι
1009 1461 1173 1531 δεήσει
1195 1469 1285 1532 τῆς
1309 1460 1643 1531 ἀποβάσεως,
1678 1459 1840 1516 ἐκεῖνά
1872 1483 1926 1517 τε
1968 1465 2146 1532 ζητεῖν,
2165 1485 2219 1530 15

315 1544 349 1599 ἃ
373 1550 465 1600 νῦν
488 1542 722 1617 παρόντα
751 1543 873 1614 ὗμῖν
900 1545 970 1609 ὥς
997 1547 1090 1601 οὐκ
1111 1548 1362 1619 ἀναγκαῖα
1384 1551 1436 1611 ἐς
1460 1548 1656 1618 βουλὴν
1694 1547 1905 1619 ἔρχεται.
1991 1548 2055 1618 ἢν
2095 1551 2151 1603 δὲ

314 1632 397 1684 καὶ
419 1631 608 1700 χειμών
631 1638 908 1700 τηνικαῦτα
933 1633 1195 1703 ἀγομένοις
1216 1632 1338 1703 ἡμῖν
1366 1634 1647 1704 ἐπιγένηται
1659 1674 1675 1699 ,
1721 1631 1792 1697 ὡς
1816 1634 1881 1687 τὰ
1905 1634 2071 1687 πολλὰ
2095 1636 2150 1689 ἓν

311 1714 559 1788 θαλάσσῃ
585 1722 725 1788 φιλεῖ
746 1719 1008 1787 γίνεσθαι,
1047 1716 1176 1790 πρός
1199 1740 1254 1773 τε
1280 1719 1345 1773 τὰ
1372 1717 1575 1788 κύματα
1599 1721 1681 1772 καὶ
1715 1719 1834 1782 τούς
1861 1721 2152 1783 Βανδίλους

315 1799 680 1870 διαμαχόμενοι
728 1810 1048 1870 μεταμαθεῖν
1096 1805 1190 1873 τὴν
1234 1804 1506 1873 εὐβουλίαν
1553 1801 1816 1872 εῑσόμεθα.
1905 1807 2037 1875 φημὶ
2084 1805 2149 1875 δὴ

313 1885 463 1957 ἴγωγε
492 1892 677 1958 χρῆναι
712 1887 970 1956 ἀποβῆναι
992 1890 1084 1957 μὲν
1109 1887 1245 1958 ἡμᾶς
1271 1892 1322 1952 ἐς
1344 1890 1436 1959 τὴν
1461 1888 1668 1961 ἤπειρον
1693 1889 1877 1943 αὐτίκα
1901 1890 1965 1957 δὴ
1989 1887 2147 1958 μάλα,
2163 1911 2230 1955 9οί

312 1973 501 2034 ἵππους
535 1993 589 2025 τε
625 1971 1037 2040 ἀποβιβάζοντας
1069 1977 1152 2027 καὶ
1190 1973 1324 2028 ὅπλα
1356 1977 1439 2028 καὶ
1476 1974 1529 2028 εἶ’
1558 1996 1604 2028 τι
1634 1973 1757 2028 ἄλλο
1785 1974 1836 2036 ἔς
1860 1974 1952 2043 τὴν
1979 1977 2150 2046 χρείαν

316 2054 439 2126 ἡμῖν
462 2055 736 2127 ἀναγκαῖον
762 2056 886 2112 εἶναι
911 2057 1130 2129 οῗόμεθα
1144 2101 1162 2127 ,
1206 2057 1407 2132 τάφρον
1445 2061 1500 2114 δὲ
1524 2059 1655 2114 κατὰ
1681 2057 1837 2129 τάχος
1861 2057 2038 2132 ὀρύξαι
2066 2062 2151 2114 καὶ

433 2235 473 2278 1.
514 2232 712 2292 ἑαυτοῦ]
743 2234 894 2295 ἑαυτῷ
921 2239 972 2280 Α.
1114 2240 1159 2283 2.
1199 2236 1250 2283 δὲ
1279 2232 1459 2294 ὄντων]
1489 2234 1689 2282 δεόντων
1717 2235 1769 2280 Α.
1913 2236 1955 2280 3.
1983 2236 2151 2294 ναυσὶ]

428 2292 593 2335 ναυσὶν
623 2292 676 2334 V.
793 2297 833 2338 6.
865 2296 1018 2352 δυοῖν]
1049 2295 1178 2342 δυεῖν
1203 2297 1258 2344 V.
1375 2299 1445 2343 12.
1472 2293 1784 2351 δουλοῦσθαι]
1813 2295 2077 2353 δηλοῦσθαι
2098 2297 2150 2340 Α.

431 2351 504 2394 22.
533 2346 746 2408 τάφρον]
778 2349 932 2410 τάφον
958 2355 1011 2398 A.
1083 2416 1087 2421 ¹

320 2527 435 2565 etam
465 2522 622 2566 habet.-
659 2537 735 2565 nos
764 2528 922 2573 autem,
952 2523 1027 2566 ubi
1053 2523 1283 2566 incolumes
1310 2523 1586 2576 evaserimus,
1614 2521 1780 2565 nullam
1807 2521 1978 2565 veniam
2007 2535 2153 2565 consc-

318 2593 509 2637 quemur.
574 2581 679 2622 Cum
706 2594 807 2622 vero
846 2582 985 2624 multa
1014 2582 1279 2624 incommoda
1307 2595 1399 2623 sese
1437 2583 1646 2638 offerant,
1693 2581 1732 2622 si
1759 2593 1836 2621 nos
1871 2581 1990 2623 intra
2017 2594 2151 2623 naves

320 2637 639 2689 contineamus,
683 2651 815 2680 unum
845 2645 922 2688 est,
953 2653 1045 2681 meo
1078 2640 1250 2695 quidem
1278 2639 1451 2690 iudicio,
1479 2638 1673 2693 illudque
1701 2651 2027 2680 commemorare
2055 2638 2152 2690 suf-
2230 2691 2231 2694 Ἴ

308 2694 450 2748 ficiet,
481 2709 560 2749 quo
589 2709 665 2736 nos
694 2696 879 2739 maxime
907 2701 1068 2739 terrere
1097 2698 1258 2750 volunt,
1289 2697 1363 2751 qui
1388 2701 1685 2751 tempestatem
1712 2696 1944 2739 minantur.
2000 2694 2154 2736 Enim-
2220 2704 2227 2742 J

320 2764 421 2792 vero
449 2752 486 2792 si
515 2765 602 2809 qua
629 2753 820 2805 oriatur,
866 2754 1076 2806 alterum,
1118 2759 1167 2796 ιιι
1194 2755 1343 2806 aiunt,
1385 2754 1632 2809 contingere
1658 2753 1839 2794 navibus
1864 2765 2032 2794 necesse
2062 2757 2152 2802 cst3
2223 2757 2227 2762 ’

323 2813 403 2849 aut
431 2813 480 2850 ut
509 2809 637 2862 longe
668 2811 721 2852 ab
751 2811 902 2862 Africa
931 2811 1240 2867 disputantur,
1284 2817 1362 2854 aut
1389 2812 1437 2853 in
1465 2811 1542 2852 hoc
1572 2811 1716 2852 littore
1736 2815 1931 2864 pereant.
1999 2809 2153 2851 Utrum

320 2865 473 2921 igitur,
500 2867 627 2919 facta
656 2881 678 2908 e
707 2881 754 2909 re
776 2870 999 2922 praesenti
1026 2869 1220 2922 optione,
1250 2869 1396 2926 magis
1424 2868 1643 2924 expediet,
1679 2868 1792 2908 solas
1826 2866 1968 2920 perire
2003 2879 2152 2918 naves,
2223 2871 2230 2882 ·’

323 2922 382 2964 an
412 2936 506 2963 cum
534 2924 770 2965 vectoribus
798 2925 979 2967 omnia?
1028 2926 1263 2969 Prczeterea
1290 2929 1328 2968 si
1367 2927 1457 2968 iam
1485 2925 1649 2967 hostem
1684 2925 1946 2978 imparatum
1976 2923 2152 2964 adoria-

322 2993 443 3031 mur,
475 2993 525 3021 επ
550 2982 777 3033 sententia,
805 2989 856 3025 ut
872 2983 1111 3037 proximum
1139 2997 1239 3025 vero
1264 2989 1342 3034 est,
1372 2982 1696 3025 debellabimus.-
1725 2980 1896 3022 hostiles
1919 2980 2030 3022 enim
2052 2993 2151 3034 opes

323 3037 554 3091 improvisa
582 3038 626 3079 vi
647 3039 808 3094 frangi
833 3042 987 3082 solent.
1044 3042 1103 3083 At
1130 3054 1278 3091 mora,
1319 3040 1512 3096 quamvis
1541 3037 1683 3090 brevi,
1715 3037 1903 3091 spatium
1931 3037 2043 3078 hosti
2069 3038 2152 3079 da-

325 3095 460 3137 bimus
487 3095 677 3148 parandi
704 3109 819 3147 sese,
855 3103 897 3139 et
926 3098 1074 3152 aequis
1101 3097 1262 3139 viribus
1282 3097 1567 3139 decernemus.
1628 3094 1742 3147 Quid
1771 3094 1882 3149 quod
1907 3095 2039 3144 etiam
2051 3097 2153 3147 sor-

323 3157 368 3194 te
398 3152 675 3193 ascensionis
713 3153 835 3206 copia
866 3154 997 3195 armis
1039 3155 1326 3209 extorquenda
1355 3155 1460 3208 erit,
1517 3165 1652 3207 eaque
1690 3151 1910 3192 commoda
1948 3164 2151 3206 quaerere

324 3208 559 3262 oportebit3
604 3223 714 3264 quae
743 3224 852 3251 nunc
882 3211 992 3252 ultro
1021 3212 1168 3253 oblata
1195 3211 1338 3262 vobis,
1386 3211 1432 3252 in
1460 3208 1808 3251 deliberationem
1834 3208 2011 3251 veniunt
2049 3214 2154 3251 tan-

324 3279 455 3320 quam
483 3266 655 3308 minime
683 3268 941 3308 necessaria.
1003 3268 1126 3320 Quod
1155 3267 1191 3309 si
1219 3268 1407 3319 interea,
1446 3267 1548 3308 dum
1576 3266 1778 3308 vehemur
1803 3266 2016 3320 navigiis,
2048 3279 2152 3319 pro-

325 3325 460 3375 cella,
499 3330 548 3365 ut
577 3337 705 3377 saepe
723 3325 784 3376 fit
811 3324 856 3365 in
886 3324 1023 3376 mari,
1064 3325 1303 3380 ingruerit,
1358 3330 1448 3366 tum
1474 3336 1627 3379 pugna
1660 3337 1756 3364 cum
1791 3323 1998 3365 Vandalis
2024 3322 2152 3363 simul

315 3381 600 3436 fluctibusque
629 3382 876 3423 sustinenda
907 3382 965 3423 ad
992 3395 1145 3423 sanum
1173 3381 1393 3439 con-silium
1419 3395 1512 3423 sero
1539 3395 1614 3422 nos
1632 3380 1861 3422 revocabit.
1920 3380 2063 3432 Quare
2089 3379 2150 3420 sic
2228 3380 2231 3381 ⁷

325 3442 486 3491 statuo,
529 3438 620 3481 iam
647 3453 757 3481 nunc
778 3439 1034 3494 faciendum
1062 3452 1302 3484 exscensum
1330 3452 1446 3483 esse:
1475 3451 1616 3494 cquoS,
1645 3451 1785 3491 arma,
1808 3442 1852 3481 et
1879 3449 2151 3493 quaecunque
