2098 3874
834 205 1184 260 EPISTOLA.
1854 220 1916 258 x1

97 365 167 412 Te
200 362 384 429 sospite
415 359 591 420 rediit,
626 358 758 407 viam
794 366 940 406 nacta
977 356 1197 407 consiliis
1233 354 1332 404 tuis
1369 354 1674 420 expeditam:
1726 356 1920 406 revexit

97 465 244 515 opes:
302 448 432 496 male
465 443 724 509 dissipatas
760 442 891 492 vires
928 445 1111 507 coiigit‚
1151 442 1406 505 Gallisque
1444 439 1687 490 universis
1725 443 1919 508 optabi·

93 534 193 581 lem
228 530 500 582 Victoriam
532 528 806 578 revocavit.
875 527 995 576 Mox
1044 527 1212 575 ambae
1247 528 1466 590 Regnum
1501 525 1740 590 bearunt3
1801 527 1920 575 dum

95 619 249 666 altera
279 616 468 679 vigeret
503 615 666 679 domi,
729 615 799 663 Te
831 612 1205 661 administrante
1239 610 1612 677 Rempublicam
1648 611 1803 660 altera
1839 612 1918 659 so-

93 701 163 750 ris
197 700 421 749 domaret
449 697 616 748 hostes
637 735 651 760 ,
710 713 768 758 ac
804 690 1054 763 supplices
1090 697 1276 760 Regum
1314 695 1736 761 praestantissimo
1773 696 1921 749 siste-

92 792 186 835 ret.
252 783 362 833 Nisi
395 784 567 832 Pacem
604 783 921 832 domesticam
956 782 1160 830 fovisses
1179 818 1196 843 ,
1231 780 1368 829 haud
1404 781 1566 830 coacti
1599 780 1800 829 fuissent
1836 797 1922 830 ex-

93 869 192 920 teri
225 884 538 919 communem
571 868 727 916 ab·eo
763 876 942 933 petere.
1010 867 1183 929 Hanc,
1235 864 1460 930 ipsorum
1495 865 1691 914 iniuriis
1728 865 1923 931 pridem

90 953 317 1021 pulsam,
374 953 511 1003 Ius-rr
546 953 702 1001 Filius
738 952 927 1002 reverti
962 951 1137 1011 iussit3
1198 949 1531 1014 reducemque
1578 950 1814 997 osculata
1850 960 1924 997 est

91 1038 329 1099 Iustitia5
389 1038 505 1087 ideo
549 1054 804 1103 nunquam
841 1055 870 1085 a
905 1037 1089 1086 nostris
1126 1035 1342 1100 digressa
1388 1035 1642 1102 partibus,
1703 1035 1818 1099 quia
1854 1036 1926 1083 Te

89 1123 344 1173 vindicem
380 1130 431 1172 et
465 1130 755 1172 assertorem
790 1122 965 1171 habuit
1011 1121 1103 1170 sub
1138 1120 1474 1169 amantissimo
1510 1119 1756 1185 Principe.
1831 1119 1924 1167 Cui

90 1225 207 1258 sane
248 1207 525 1275 Procopius
566 1224 708 1257 meus
757 1207 811 1254 in
856 1207 1031 1256 ordine
1076 1206 1248 1255 infimo
1285 1207 1472 1257 servire
1511 1205 1712 1267 mallet,
1771 1221 1922 1269 quam

89 1293 222 1344 inter
252 1292 512 1360 primarias
549 1292 811 1356 dignitates
857 1281 1145 1345 Iustiniano.
1218 1292 1366 1341 Urbis
1402 1292 1603 1357 quidem
1641 1290 1923 1338 Praefectu-

89 1395 197 1429 ram
229 1378 410 1444 δαείη
466 1378 555 1427 sed
599 1395 658 1426 eo
706 1385 954 1442 tempore,
1020 1394 1119 1441 quo
1154 1377 1451 1443 Byzantium
1509 1377 1730 1441 adeoque
1763 1375 1922 1439 Impe-

89 1464 224 1513 rium
266 1463 524 1529 profligari
565 1463 843 1528 Imperator
878 1461 1089 1523 siverat,
1153 1462 1362 1511 nimium
1409 1462 1631 1511 tribuens
1681 1461 1922 1526 improbis

91 1547 490 1611 magistratibusa
543 1564 754 1612 quorum
791 1547 942 1612 culpa
978 1546 1152 1609 fiebat,
1207 1555 1266 1595 ut
1299 1547 1436 1613 pacis
1471 1554 1600 1596 artes
1635 1545 1755 1595 belli
1792 1547 1923 1594 frau-

93 1632 236 1680 dibus
271 1632 464 1697 peiores
497 1641 672 1682 essent.
742 1632 891 1696 Inde,
927 1640 986 1679 ut
1021 1639 1212 1680 caetera
1244 1640 1461 1695 taceam,
1495 1639 1613 1680 nata
1647 1639 1723 1678 est
1757 1630 1924 1679 Histo-

90 1717 166 1766 ria
193 1732 398 1765 arcana:
434 1718 628 1781 qualem
665 1716 751 1764 hic
788 1716 970 1766 author
1006 1717 1234 1781 nequiret
1270 1716 1407 1781 apud
1443 1716 1511 1763 Te
1538 1715 1767 1764 meditari
1779 1734 1794 1779 5
1836 1714 1926 1763 ubi

89 1800 221 1850 nihil
263 1800 522 1862 odiosum,
581 1801 669 1850 sed
703 1801 869 1848 omnia
904 1802 1084 1866 plausu
1120 1808 1169 1848 et
1215 1816 1381 1848 amore
1430 1799 1580 1863 digna
1614 1798 1814 1865 publico
1851 1799 1925 1848 vi-

90 1885 244 1936 deret.
314 1886 412 1935 Res
457 1884 656 1934 demum
692 1892 804 1934 tuas
851 1886 1160 1951 scripturus,
1215 1884 1338 1949 quid
1370 1891 1566 1950 optaret
1613 1885 1777 1948 aliud,
1829 1885 1927 1941 nisi

88 1987 260 2037 parem
293 1977 582 2034 argumento
635 1971 920 2019 facultatem
956 1969 1193 2020 dicendi?
1250 1968 1377 2034 >quid
1412 1968 1634 2032 timeret,
1688 1970 1782 2019 nisi
1819 1987 1924 2018 mo-

90 2055 281 2105 destiae
316 2054 639 2105 offensionem
675 2055 828 2104 tuae?
899 2056 1030 2119 Iam,
1066 2055 1109 2103 si
1143 2054 1281 2103 illius
1317 2052 1550 2121 promissi
1585 2070 1789 2117 memor,
1827 2072 1924 2119 quo

70 2147 143 2188 'se
177 2139 451 2190 obstrinxit
483 2139 539 2190 in
575 2140 719 2189 libris
745 2141 807 2189 de
842 2141 980 2189 Bello
1020 2138 1287 2202 Gotthico‚
1325 2137 1597 2203 Religionis
1635 2147 1925 2188 controver-

91 2225 189 2274 sias
232 2225 491 2275 mandaret
523 2225 712 2288 literis,
770 2233 820 2276 et
854 2242 979 2292 opus
1025 2225 1086 2274 ad
1121 2225 1218 2273 hoc
1254 2241 1413 2290 usque
1446 2233 1643 2289 tempus
1678 2224 1925 2290 perduce-

90 2318 199 2374 ηις
257 2310 329 2359 ibi
366 2310 446 2359 Tu
480 2310 716 2360 emineres
751 2312 842 2360 sub
879 2319 1091 2376 utroque
1124 2312 1406 2360 Lunovmo.
1476 2309 1664 2358 Neuter
1696 2308 1924 2374 profecto

90 2395 166 2443 sni
200 2394 256 2442 in
289 2410 517 2444 errorum
554 2404 776 2445 monstra
821 2395 923 2444 odii
956 2396 1188 2445 Ministro
1234 2412 1354 2444 usus
1390 2401 1465 2444 est
1497 2394 1632 2456 ullo,
1694 2393 1778 2457 qui
1811 2393 1926 2443 lon-

89 2479 200 2544 gius
246 2495 395 2543 quam
443 2480 519 2530 Tu
567 2499 596 2529 a
646 2498 794 2547 prece
845 2481 1109 2546 pretioque
1155 2479 1406 2544 refugerit.
1481 2478 1688 2539 Quoties
1728 2479 1925 2528 Calvini

89 2562 331 2628 haeresis,
382 2565 526 2616 cuius
562 2574 808 2615 extremos
845 2564 1091 2614 anhelitus
1126 2564 1229 2613 huc
1262 2582 1288 2614 e
1323 2564 1607 2631 propinquo
1645 2562 1818 2612 missos
1854 2565 1926 2612 fa-

92 2649 187 2698 cile
219 2648 396 2713 audio,
438 2650 493 2699 in
528 2651 599 2700 Te
636 2653 768 2700 circa
804 2651 963 2715 regios
1001 2650 1246 2699 cancellos
1283 2648 1524 2699 fremuit?
1584 2665 1698 2697 cum
1733 2649 1923 2698 frustra

90 2741 347 2798 satagerem
368 2733 433 2784 ad
466 2734 688 2804 sigillum
726 2736 971 2801 irrepere;
1029 2742 1089 2785 ut
1125 2750 1181 2784 eo
1217 2732 1410 2782 munita
1459 2741 1767 2798 grassaretur
1801 2734 1926 2783 libe-

90 2819 225 2883 rius,
267 2835 629 2885 numerumque
659 2820 976 2886 perditorum
1011 2828 1223 2887 angeret.
1296 2818 1441 2866 Tune
1475 2817 1709 2868 videlicet
1746 2819 1922 2870 cavisti

91 2902 493 2968 diligentissime,
525 2921 590 2953 ne
625 2922 764 2954 sacra
801 2905 926 2953 Lilia
964 2905 1207 2954 maculam
1244 2902 1620 2969 contraherent,
1659 2913 1708 2954 et
1742 2922 1925 2955 veren-

91 2988 182 3037 dos
219 2988 505 3055 Principum
542 2989 708 3038 vultus
756 2990 1005 3055 pollueret
1042 3007 1181 3052 cera,
1241 3005 1387 3055 quam
1423 2989 1736 3055 indulgentia
1771 2990 1927 3039 nimia

90 3073 399 3124 mollivisset.
469 3072 638 3123 Nihilo
685 3076 799 3141 plus
846 3075 1060 3141 profecit
1109 3076 1246 3124 larva
1296 3075 1542 3124 recentior
1592 3074 1926 3139 Augustinum

89 3158 358 3222 mentiens,
420 3157 680 3225 turpisque
721 3161 925 3209 Novitas
972 3160 1328 3225 Antiquitatem
1373 3160 1611 3208 simulans
1659 3158 1924 3209 venerabi-

91 3241 205 3292 lem.
292 3242 511 3308 Longius
546 3245 889 3311 prorupissent
925 3244 1153 3295 damnata
1190 3245 1242 3292 in
1280 3245 1418 3294 coelo
1455 3262 1512 3293 nc
1548 3243 1694 3294 terris
1731 3243 1921 3309 capita;

94 3326 190 3375 nisi
226 3326 304 3376 Tu
343 3327 430 3377 Dei
465 3328 709 3393 Regisque
748 3347 942 3379 causam
978 3338 1086 3379 toto
1123 3337 1327 3397 pectore
1364 3330 1648 3395 amplexus,
1708 3327 1922 3377 dedisses

96 3426 324 3475 operam,
375 3420 435 3462 ut
479 3414 584 3463 suis
639 3414 826 3464 deiecta
864 3414 1152 3481 praesidiis,
1206 3414 1415 3463 latebras
1466 3414 1646 3480 procul
1694 3427 1924 3477 quaerero

97 3501 399 3559 cogerentur.
471 3498 669 3548 Utinam
722 3492 844 3550 illuc
882 3500 1089 3548 intraret
1126 3499 1352 3549 salutaris
1389 3499 1585 3566 pudor,
1638 3514 1799 3561 neque
1836 3512 1918 3544 au.
