2184 3822
233 168 349 224 168
973 164 1303 219 PROCOPH

226 332 367 379 μενοι
389 309 472 362 ἐπ’
504 309 642 364 οἷ’κου
666 305 883 367 ἅπαντες
910 303 1263 376 ἀνεχώρησαν,
1309 304 1511 368 οὐδενὸς
1533 303 1706 375 σφίσιν
1730 299 2041 372 ἐναντιώμα-

226 417 316 457 τος
344 393 742 463 ἀπαντήσαντος.
826 388 998 463 χρόνῳ
1027 393 1081 444 δὲ
1104 397 1176 465 τῷ
1201 389 1398 465 ὖστέρῳ
1430 386 1676 452 πολλάκις
1702 390 1932 443 ἐνταῦθα
1957 410 2040 457 γε-

227 477 425 546 νόμενοι
472 477 720 545 ἀνήκεστα
761 476 813 537 ἐς
853 474 1132 544 Ῥωμαίους
1181 477 1317 530 δεινοὶ
1353 476 1590 547 ἔδρασαν.
1680 474 1738 528 οἳ
1768 474 1832 540 δὴ
1876 476 1960 526 καὶ
1989 474 2041 526 ἓν

225 561 540 635 Χερρονήσῳ
567 557 1047 629 τειχομαχήσαντες,
1089 558 1394 630 βιασάμενοί
1414 582 1467 615 τε
1496 559 1619 622 τοὺς
1649 560 1704 612 ἐκ
1729 564 1822 612 τοῦ
1847 559 2042 626 τείχους

227 648 576 716 ἀμυνομένους
611 648 694 699 καὶ
731 646 814 699 διὰ
853 652 945 700 τοῦ
982 652 1075 715 τῆς
1113 645 1385 715 θαλάσσης
1425 645 1610 717 ῥοθίου
1651 644 1741 698 τὸν
1774 645 2082 715 περίβολον5

223 730 564 801 ὑπερβάντες,
611 730 668 792 ὃς
704 730 832 801 πρὸς
859 729 1031 804 κόλπῳ
1070 737 1143 805 τῷ
1180 731 1357 800 μέλανι
1379 729 1672 802 καλουμένῳ
1697 730 1862 794 ἐστὶν,
1909 726 2046 782 οὕτω

225 838 278 869 τε
306 817 446 878 ἐντὸς
479 822 579 870 τῶν
611 821 822 884 μακρῶν
851 822 1027 885 τειχῶν
1063 816 1372 886 γεγενημένοι
1396 816 1479 867 καὶ
1506 823 1613 876 τοῖς
1651 816 1703 867 ἐν
1732 810 2046 885 Χερρονήσῳ

222 899 490 968 Ῥωμαίοις
523 898 898 970 ἀπροσδόκητοι
942 899 1262 962 ἐπιπεσόντες
1281 941 1298 966 ,
1354 896 1576 953 ἔκτεινάν
1619 919 1674 951 τε
1705 898 1926 960 πολλοὺς
1963 899 2048 950 καὶ

154 993 194 1036 D
230 984 611 1057 ἠνδραπόδισαν
643 985 821 1052 σχεδὸν
859 983 1106 1046 ἅπαντας.
1194 984 1351 1055 ὀλίγοι
1395 984 1456 1037 δέ
1488 1004 1617 1045 τινες
1657 985 1741 1035 καὶ
1780 979 2049 1050 διαβάντες

226 1070 316 1123 τὸν
338 1071 527 1138 μεταξὺ
552 1074 757 1138 Σηστοῦ
791 1089 845 1121 τε
886 1072 969 1121 καὶ
999 1065 1219 1135 Ἀβύδου
1255 1068 1527 1140 πορθμὸν,
1576 1065 1873 1136 ληισάμενοί
1907 1089 1960 1120 τε
1984 1067 2048 1120 τὰ
2061 1070 2117 1114 10

227 1156 308 1207 ἐπὶ
345 1160 437 1222 τῆς
462 1155 635 1216 Ἀσίας
668 1155 838 1223 χωρία
867 1156 951 1207 καὶ
984 1148 1140 1216 αὖθις
1181 1157 1231 1217 ἒς
1258 1152 1588 1225 Χερρόνησον
1613 1152 2045 1224 ἀναστρέψαντες,

226 1239 315 1302 ξῦν
336 1245 409 1311 τῷ
434 1238 570 1312 ἄλλῳ
597 1244 800 1310 στρατῷ
828 1241 911 1291 καὶ
937 1235 1076 1309 πάσῃ
1102 1245 1164 1311 τῇ
1184 1242 1292 1314 λείᾳ
1316 1239 1402 1292 ἐπ’
1431 1239 1572 1292 οἷ’κου
1607 1237 2046 1306 ἀπεκομίσθησαν.

47 1330 87 1372 V
114 1330 198 1376 287
229 1325 280 1378 ἔν
306 1322 453 1398 ἑτέρα
477 1346 530 1377 τε
558 1326 763 1393 εἰσβολῇ
789 1320 909 1384 τοίς
935 1344 988 1376 τε
1010 1323 1286 1391 Ἰλλυριοὺς
1320 1325 1404 1377 καὶ
1437 1322 1733 1384 Θεσσαλοίς
1759 1319 2052 1392 ληισάμενοι

225 1417 539 1477 τειχομαχεῖν
566 1410 658 1477 μὲν
684 1409 997 1478 ἐνεχείρησαν
1023 1409 1075 1461 ἓν
1106 1405 1492 1480 Θερμοπύλαις,
1537 1413 1639 1461 τῶν
1657 1409 1712 1460 δὲ
1739 1408 1789 1461 ἐν
1818 1417 1924 1470 τοῖς
1949 1409 2052 1460 τεί-

223 1513 334 1562 χεσι
372 1499 613 1565 φρουρῶν
656 1490 1019 1564 καρτερώτατα
1059 1492 1388 1563 ἀμυνομένων
1427 1489 1803 1564 διερευνώμενοι
1840 1492 1933 1555 τὰς
1959 1514 2050 1546 πε-
2069 1500 2120 1543 15

229 1576 437 1649 ριόδους
475 1578 618 1650 παρὰ
649 1575 804 1640 δόξαν
845 1577 939 1647 τὴν
978 1577 1208 1648 ἀτραπὸν
1246 1572 1394 1647 εὗρον
1428 1577 1462 1646 ἢ
1497 1579 1636 1650 φέρει
1672 1581 1743 1641 εἷς
1774 1578 1832 1632 τὸ
1875 1577 1996 1647 ὅρος
2023 1577 2052 1632 ii

76 1668 112 1710 Ρ
142 1669 198 1713 96
227 1661 390 1735 ταύτῃ
423 1663 598 1732 ἀνέχει.
690 1661 826 1716 οὕτω
859 1685 912 1717 τε
939 1665 1120 1731 σχεδὸν
1156 1662 1677 1733 ἅπανταςἽῐλληνας,
1727 1663 1859 1733 πλὴν
1881 1668 2053 1717 Πελο-

226 1751 540 1818 ποννησίων,
597 1745 976 1819 διεργασάμενοι
1009 1748 1360 1821 ἀπεχώρησαν.
1447 1749 1647 1820 Πέρσαι
1685 1749 1742 1802 δὲ
1782 1749 1841 1802 οὗ
1878 1753 2051 1821 πολλῷ

227 1832 441 1904 ὕστερον
465 1834 558 1896 τὰς
586 1834 810 1895 σπονδὰς
837 1832 1078 1896 λύσαντες
1102 1835 1222 1905 ἔργα
1246 1833 1526 1902 Ῥωμαίους
1553 1833 1673 1895 τούς
1699 1830 1856 1906 ἕῴους
1883 1830 2052 1904 εῗργά-
2160 1906 2162 1908 ¹

230 1938 386 1972 σαντο
412 1917 537 1989 ἅπερ
568 1918 662 1988 ἐγώ
687 1917 866 1970 αὐτίκα
885 1916 1026 1985 μάλα
1053 1918 1283 1988 δηλώσω.
1372 1916 1675 1989 Βελισάριος
1701 1924 1804 1971 τῶν
1830 1923 1880 1971 Γ
1877 1916 2120 1977 ότθωνὲο

230 2025 284 2056 τε
323 2005 406 2056 καὶ
438 2003 737 2057 Ἰταλιωτῶν
772 2003 986 2070 βασιλέα
1030 2004 1285 2075 Οὖίττιγιν
1321 2004 1556 2057 καθελὼν
1581 2006 1744 2068 ζῶντα
1770 2005 1823 2065 ἒς
1848 2002 2053 2069 Βυζάν-

230 2109 338 2142 τιον
370 2087 576 2158 ἤνεγκεν.
667 2086 802 2150 ὅπως
829 2090 884 2141 δὲ
918 2085 944 2141 ὅ
968 2093 1187 2161 Περσῶν
1226 2089 1447 2162 στρατὸς
1468 2088 1520 2151 ἒς
1544 2093 1636 2159 γῆν
1675 2088 1769 2156 τὴν
1791 2086 2050 2158 Ῥωμαίων

231 2173 465 2243 ἐσέβαλεν
477 2215 494 2241 ,
540 2175 668 2245 ἐρῶν
694 2171 921 2245 ἔρχομαι.

344 2364 414 2407 16.
429 2362 574 2466 ίπαρὲ
613 2362 782 2421 δόξαν]
830 2362 958 2422 παρὰ
995 2379 1074 2410 om.
1103 2365 1154 2407 L.
1292 2365 1363 2409 17.
1404 2365 1821 2423 Πελοποννησίων]
1855 2368 2050 2412 nel-ono-

340 2434 426 2479 νησ
447 2437 511 2466 ων
578 2451 591 2466 .

231 2587 398 2632 modum
436 2590 560 2633 etiam
602 2590 763 2634 crebris
803 2591 1097 2648 eruptionibus
1135 2592 1347 2637 Romanos
1374 2590 1645 2635 attriverunt.
1701 2590 1751 2634 In
1781 2591 2050 2636 Chersoneso

232 2660 391 2688 murum
421 2647 586 2700 adorti,
632 2650 706 2704 qui
747 2649 802 2692 ad
832 2649 977 2692 Sinum
1006 2650 1215 2694 Melanem
1244 2653 1461 2692 extructus
1489 2653 1578 2700 est,
1618 2662 1710 2692 eum
1741 2663 1823 2705 qua
1853 2650 1956 2692 mari
1987 2651 2052 2692 al-

232 2702 364 2744 luitur
411 2711 750 2759 superaverunt,
801 2705 980 2749 deiectis
1028 2707 1450 2764 propugnatoribus=
1502 2705 1648 2762 itaque
1700 2707 1848 2749 Muros
1902 2708 2052 2763 longos

233 2761 518 2814 transgressi,
560 2763 675 2804 facto
718 2763 762 2804 in
799 2761 1010 2806 Romanos
1054 2763 1309 2814 Chersonesi
1350 2762 1512 2805 incolas
1551 2777 1630 2805 nec
1670 2765 1845 2817 opinato
1874 2764 2052 2820 impetu,

235 2816 390 2858 multos
430 2817 545 2869 vita,
588 2819 777 2874 reliquos
813 2820 906 2862 fere
945 2834 1088 2864 omnes
1133 2821 1335 2864 libertate
1372 2819 1608 2878 privarunt.
1676 2821 1882 2864 Nonnulli
1924 2823 2086 2874 freto‚‘

235 2874 351 2928 quod
378 2873 490 2916 inter
519 2876 691 2918 Sestum
721 2881 766 2918 et
800 2877 992 2931 Abydum
1022 2885 1113 2930 est,
1151 2878 1355 2930 transito,
1385 2876 1578 2934 populati
1606 2885 1705 2920 sunt
1734 2879 1898 2929 Asiam,
1926 2893 2054 2921 reve-

235 2929 378 2985 ctique
405 2930 450 2972 in
483 2931 818 2984 Chersonesum,
864 2947 955 2975 cum
991 2934 1154 2990 reliquo
1195 2935 1383 2977 exercitu
1415 2939 1653 2990 cunctaque
1682 2935 1840 2990 praeda
1869 2936 2053 2991 patriam

234 2987 512 3042 repetierunt.
574 2990 723 3032 Altera
759 2989 993 3046 irruptione
1035 2991 1207 3047 Illyrico
1249 2990 1558 3046 Thessaliaque
1597 2990 1805 3043 vastatis,
1857 3006 1950 3034 cum
1994 2993 2052 3035 ad

240 3043 552 3100 Thermopylas
594 3060 757 3088 manum
788 3048 1083 3103 oppugnandis
1126 3048 1342 3091 moenibus
1383 3047 1703 3100 admovissent,
1746 3063 1773 3090 a
1801 3050 2050 3091 custodibus

234 3099 467 3143 fortissime
504 3103 688 3158 repulsi,
730 3103 826 3145 dum
859 3104 1020 3147 viarum
1051 3106 1270 3148 anfractus
1309 3105 1558 3161 explorant,
1598 3111 1770 3160 praeter
1809 3105 2052 3162 opinionem

234 3155 434 3199 invenere
462 3161 687 3210 tramitem,
718 3174 801 3215 quo
831 3158 874 3201 in
903 3165 1080 3204 montem
1110 3162 1197 3203 illic
1220 3161 1468 3213 eminentem
1497 3161 1706 3205 evaditur.
1764 3161 1878 3204 Hinc
1908 3164 2052 3205 Grae-

234 3212 296 3254 cis
324 3228 431 3269 pene
461 3216 685 3270 universis,
714 3221 887 3271 praeter
914 3218 1260 3273 Peloponnesios,
1290 3218 1443 3261 deletis
1470 3226 1721 3262 remearunt.
1780 3219 1940 3262 Persae
1969 3234 2052 3262 au-

233 3275 317 3311 tem
350 3277 478 3326 rupta
507 3287 588 3316 non
618 3274 743 3316 multo
789 3279 886 3328 post
930 3287 1060 3329 pace,
1099 3275 1143 3316 in
1189 3275 1399 3318 Romanos
1436 3275 1681 3319 orientales
1719 3290 1771 3319 ea
1811 3284 2053 3332 patrarunt,

233 3340 343 3381 quae
374 3342 466 3370 mox
506 3332 702 3373 narrabo.
761 3329 994 3373 Belisarius
1034 3331 1218 3387 Vittigin
1260 3331 1512 3374 Gotthorum
1555 3338 1684 3389 atque
1712 3333 1863 3376 ltaliae
1891 3333 2052 3388 Regem

234 3385 392 3426 evertit
425 3387 604 3442 opibus,
647 3387 872 3443 vivumque
901 3388 1138 3443 asportavit
1175 3388 1440 3444 Byzantium.
1499 3389 1585 3432 Iam
1614 3405 1716 3433 vero
1746 3391 1802 3433 ad
1830 3391 2051 3434 dicendum

235 3442 390 3484 accedo
408 3474 420 3494 ,
451 3444 513 3486 uti
544 3446 767 3488 Persarum
797 3443 1008 3488 exercitus
1038 3444 1081 3488 in
1111 3446 1229 3488 Rom.
1260 3445 1483 3502 Imperium
1513 3446 1731 3504 irruperit.
