2254 3814
317 119 354 174 5
365 117 441 174 14
1064 118 1207 171 PRO
1214 117 1401 171 COPII

316 257 486 315 νιόλου
519 259 605 314 ἐπ’
647 258 834 319 αὐτοὺς
869 256 1087 311 ἐκέλευεν
1127 256 1253 310 ἰέναι
1282 262 1375 310 τοῦ
1399 261 1626 326 στρατοῦ
1649 252 2018 322 ἀπολεξάμενον
2037 257 2147 311 εἶ’τι

317 346 528 417 ἄριστον
563 341 662 414 ⁷³2st
695 350 767 415 τῷ
799 345 853 396 δὲ
871 345 1062 415 Σεργίῳ
1089 341 1276 413 ἔγραφε
1304 351 1412 405 τοῖς
1438 342 1571 414 ἀμφὶ
1598 342 1685 396 τὸν
1705 339 1942 411 Ἰωάννην
1966 343 2150 409 ἀναμί-

315 438 538 502 γνυσθαι
553 470 569 494 ,
618 428 705 499 ἐφ’
744 421 784 501 ᾧ
827 433 968 499 κοινῇ
1009 426 1227 490 ἅπαντες
1252 425 1406 495 ὁμόσε
1433 437 1540 490 τοῖς
1564 429 1821 494 πολεμίοις
1838 426 2148 497 χωρήσουσι.

317 517 525 586 Σέργιος
547 514 641 582 μὲν
669 508 759 566 οὖν
786 519 887 566 τῶν
910 535 963 566 τε
989 514 1343 583 γεγραμμένων
1364 516 1446 566 καὶ
1475 519 1566 567 τοῦ
1594 513 1739 584 ἔργου
1764 511 1947 566 τούτου
1972 513 2152 582 ὀλιγω-

319 610 421 672 ρεΐν
450 600 601 669 ἔγνω,
647 596 674 651 ὃ
704 600 760 651 δὲ
778 596 1014 666 Ἰωάννης
1041 598 1128 661 ξὺν
1159 599 1309 671 ὀλίγῳ
1348 604 1553 671 στρατῷ
1583 597 1839 671 ἆμυθήτῳ
1863 596 2192 666 ἠνάγκαστοὸ

318 691 391 759 τῷ
420 685 675 752 πολεμίων
699 682 886 752 πλήθει
914 685 964 744 ἐς
989 693 1164 752 χεῖρας
1190 683 1330 738 ἴέναι.
1420 679 1484 752 ’ἦν
1517 685 1573 736 δέ
1601 683 1741 756 αὐτῷ
1766 706 1819 737 τε
1846 685 1928 736 καὶ
1955 681 2154 757 Στότζτιι

316 771 447 840 μέγα
482 792 530 823 τι
574 769 649 822 ἀεὶ
687 770 738 831 ἐς
780 765 1032 837 ἀλλήλους
1070 768 1254 836 ἔχθος,
1298 765 1536 838 ἑκάτερός
1568 791 1621 822 τε
1649 769 1819 822 αὐτῶν
1846 768 2027 837 ηὔχετο
2055 789 2155 838 φο-

318 856 434 918 νεὺς
474 855 708 924 θατέρου.
740 851 1005 923 γενόμενος
1055 853 1190 907 οὕτω
1241 854 1306 922 δὴ
1350 856 1403 917 ἐξ
1448 851 1740 925 ἀνθρώπων
1781 854 2153 924 ἀφανισθῆναι.

250 959 291 1001 D
321 939 435 995 τότε
475 946 628 1010 γοῦν,
676 939 846 1007 ἐπειδὴ
886 937 1102 1006 τάχιστα
1137 938 1180 1008 ἦ
1202 937 1341 1008 μάχη
1381 940 1434 992 ἐν
1470 943 1613 1008 ’χερσὶ
1647 941 1908 1009 γίγνεσθαι
1935 939 2153 1006 ἐζιιελλεν,

319 1026 478 1097 ἄμφω
512 1027 566 1078 ἐκ
605 1030 708 1078 τῶν
746 1024 1105 1094 στρατοπέδων
1141 1022 1434 1087 ἐλαύνοντες
1463 1025 1550 1077 ἐπ’
1579 1023 1831 1093 ἀλλήλους
1853 1020 2036 1092 ἦλθον.
2129 1022 2226 1077 ὁ·1ο

317 1113 412 1180 μὲν
453 1106 543 1164 οὖν
564 1107 801 1178 Ἰωάννης
842 1111 1060 1171 ἐντείνας
1091 1109 1149 1163 τὸ
1190 1107 1339 1172 τόξον
1378 1109 1449 1163 ἔτι
1488 1108 1768 1180 προσιόντα
1805 1110 1895 1162 τὸν
1929 1107 2157 1174 Στότζαν

319 1196 452 1250 κατὰ
491 1201 738 1264 βουβῶνα
773 1191 863 1247 τὸν
903 1195 1066 1257 δεξιὸν
1102 1194 1350 1262 ἐπιτυχὼν
1374 1193 1579 1260 βάλλει,
1626 1193 1652 1247 ὃ
1679 1196 1734 1247 δὲ
1759 1196 1959 1264 καιρίαν
1987 1199 2159 1256 τυπεὶς

320 1282 482 1334 αὐτοῦ
523 1280 720 1345 ἔπεσεν,
768 1279 908 1333 οὔπω
943 1280 1037 1346 μὲν
1076 1280 1328 1344 τεθνεὼς,
1362 1277 1550 1350 χρόνον
1573 1280 1628 1332 δέ
1655 1279 1824 1350 ὀλίγον
1852 1279 1965 1333 τινὰ
1997 1277 2158 1351 ταύτῃ

319 1367 384 1435 δὴ
406 1363 799 1433 ἐπιβιωσόμενος
826 1371 888 1436 τῇ
917 1370 1098 1436 πληγῇ.
1170 1363 1470 1428 ἐπελθόντες
1502 1366 1559 1418 δὲ
1583 1362 1769 1428 πάντες
1795 1364 1995 1430 αὐτίκα,
2044 1363 2158 1418 ὅσοι

318 1473 372 1505 τε
406 1451 548 1524 αὐτῷ
580 1452 779 1504 εἵποντο
809 1454 891 1503 καὶ
920 1448 945 1503 ὁ
975 1456 1078 1503 τῶν
1116 1453 1474 1520 Μαυρουσίων
1511 1451 1763 1520 στρατὸς,
1811 1448 2039 1515 Στότζαν
2065 1451 2227 1517 με’ν15

321 1537 732 1606 ὃλιγοψυχοῦντα
762 1537 840 1588 ἐπὶ
870 1537 1081 1606 δένδρου
1111 1536 1244 1598 τινὸς
1271 1536 1480 1602 ἔθεντο,
1526 1537 1672 1590 αὐτοὶ
1711 1537 1768 1590 δέ
1795 1542 1951 1608 θυμῷ
1985 1540 2159 1609 πολλῷ

143 1639 180 1681 Ρ
209 1636 292 1682 295
324 1623 404 1676 ἐπὶ
437 1621 560 1684 τοὺς
592 1623 865 1689 πολεμίους
902 1619 1229 1692 χωρήσαντες
1266 1620 1357 1676 τόν
1399 1644 1452 1675 τε
1490 1620 1729 1690 Ἰωάννην
1766 1624 1846 1675 καὶ
1879 1620 2160 1687 Ῥωμαίους

320 1707 555 1770 ἅπαντας
568 1748 586 1774 ,
645 1706 734 1760 ἅτε
770 1705 957 1775 πλήθει
997 1712 1169 1780 πολλῷ
1209 1705 1591 1779 ὗπεραίροντες,
1638 1707 1804 1761 οὐδενὶ
1841 1705 1980 1779 πόνῳ
2021 1707 2160 1776 ἐτρέ-

320 1808 511 1862 ψαντο.
602 1789 717 1846 τότε
751 1791 814 1861 δή
853 1813 1011 1863 φασιν
1048 1795 1200 1846 εἶπεΐν
1225 1793 1314 1846 τὸν
1336 1791 1571 1861 Ἰωάννην
1602 1790 1671 1854 ὥς
1694 1790 1824 1860 ἦδῦν
1851 1814 1964 1846 τινα
1989 1790 2159 1845 θάνα-

141 1901 186 1942 Η
217 1899 298 1943 157
326 1902 417 1934 τον
440 1874 680 1947 θνήσκοι,
726 1879 834 1931 ἐπεί
856 1879 902 1931 οἱ
929 1878 994 1930 τὰ
1019 1884 1112 1947 τῆς
1136 1878 1284 1946 εὐχῆς
1308 1878 1441 1948 ἀμφὶ
1466 1883 1538 1931 τεῦ
1562 1876 1759 1953 Στῦτζᾳ
1785 1880 1836 1940 ἐς
1861 1878 2017 1946 πέρας
2038 1877 2232 1947 &qr-20

1507 1936 1520 1951 ὓ

319 1987 453 2018 κται.
534 1969 707 2032 χῶρος
745 1963 806 2015 δέ
839 1984 918 2024 τις
950 1957 1014 2031 ἦν
1051 1961 1308 2032 κατάντης
1344 1965 1604 2028 ἐνταῦθα,
1654 1956 1714 2018 οὗ
1746 1964 1809 2031 δὴ
1842 1962 1997 2016 αὐτὸν
2031 1964 2161 2016 ἁπο-

319 2048 498 2119 βάλλει
531 2046 756 2110 ὀκλάσας
787 2046 812 2101 ὃ
843 2050 1016 2109 ἵππος.
1107 2048 1191 2119 ἐφ’
1222 2048 1278 2101 ὃν
1304 2042 1460 2111 αὖθις
1484 2047 1642 2102 αὐτὸν
1666 2045 2023 2119 ἅναθριῦσκειν
2050 2071 2159 2102 πει-

321 2133 549 2207 ρώμενον
584 2129 964 2201 καταλαβόντες
999 2133 1048 2186 οἱ
1086 2134 1315 2202 πολέμιοι
1353 2135 1662 2201 κτείνουσιν,
1709 2133 1872 2206 ἄνδρα
1896 2131 2160 2206 γενόμενον

435 2272 478 2314 6.
507 2269 573 2327 τῷ
595 2268 845 2326 πολεμίων]
877 2268 1015 2326 Vulgo
1043 2270 1137 2313 τῶν
1164 2271 1408 2324 πολεμίων.
1439 2269 1673 2313 Articulum
1703 2284 1782 2313 om.
1808 2269 1863 2314 L.
1981 2273 2050 2316 12.
2081 2287 2162 2315 τυ-

433 2326 556 2381 πεὶς]
578 2329 762 2379 τυπτεὶς
780 2331 831 2371 Α.
949 2329 1017 2370 18.
1049 2325 1319 2386 ἐτρέψαντο]
1340 2325 1623 2386 ἐστρέψαντο
1645 2328 1683 2372 L
1703 2343 1731 2372 a
1745 2342 1812 2386 pr.
1825 2343 1880 2371 m.
1994 2333 2068 2374 ΞΟ.
2096 2329 2162 2386 τῷ

434 2383 597 2445 στότζᾳ
625 2386 714 2430 AL.
828 2382 910 2430 τὸν
943 2383 1149 2439 Στότζαν
1177 2386 1229 2429 Ρ.

317 2513 495 2567 scribit,
541 2515 606 2557 uti
635 2528 733 2558 suas
764 2528 857 2558 cum
886 2514 1044 2558 Ioanne
1073 2513 1221 2571 copias
1247 2513 1446 2571 copulet,
1488 2529 1574 2572 quo
1604 2514 1758 2558 iunctis
1792 2512 1955 2557 viribus
1984 2517 2158 2570 petatur

282 2569 285 2573 ’
323 2572 470 2614 hostis.
544 2574 600 2614 At
639 2572 787 2615 literas
830 2586 1006 2627 remque
1043 2572 1179 2629 ipsam
1209 2572 1252 2614 in
1297 2573 1521 2628 postremis
1562 2574 1748 2615 habente
1786 2571 1965 2627 Sergio,
2009 2571 2159 2613 Ioanni

323 2643 553 2685 paucorum
594 2629 692 2671 duci
722 2643 896 2671 necesse
925 2630 1006 2671 fuit
1034 2643 1126 2672 cum
1158 2629 1328 2671 infinita
1355 2630 1538 2672 hostium
1559 2629 1828 2673 multitudine
1851 2629 2044 2670 conferre
2069 2644 2159 2671 ma-

322 2699 435 2728 num.
494 2686 602 2728 Cum
632 2693 771 2729 autem
800 2687 915 2729 inter
942 2686 1055 2729 illum
1086 2700 1137 2728 ac
1167 2688 1340 2729 Stozam
1369 2687 1555 2743 capitale
1585 2687 1724 2730 odium
1752 2687 2060 2734 inveterasset,
2096 2686 2159 2727 ai-

322 2747 392 2784 ter
415 2743 593 2785 alterum
619 2758 743 2786 manu
768 2757 846 2786 sua
874 2744 1101 2794 conficere,
1134 2748 1178 2786 et
1207 2750 1384 2799 peracta
1414 2744 1548 2787 caede
1577 2744 1707 2787 emori
1737 2744 2010 2800 peroptabat.
2043 2744 2158 2786 Tum

323 2799 472 2855 igitur,
504 2801 694 2855 proxime
723 2806 949 2855 antequam
979 2801 1186 2856 praelium
1216 2800 1412 2853 iniretur,
1446 2816 1501 2844 ex
1531 2801 1624 2844 acie
1654 2806 1833 2858 uterque
1861 2815 1936 2842 sua
1967 2800 2160 2843 admissis

324 2856 445 2912 equis
475 2857 704 2900 concurrit.
777 2858 928 2900 Adhuc
957 2858 1111 2900 Stozas
1150 2858 1411 2910 accedebat,
1458 2873 1551 2900 cum
1588 2858 1793 2911 Ioannes,
1844 2858 2006 2899 intento
2037 2871 2155 2910 arcu,

325 2914 547 2955 dexterum
577 2915 694 2956 iliius
734 2914 891 2971 inguen
930 2915 1163 2958 transfixit.
1222 2916 1378 2958 Stozas
1418 2916 1536 2957 letali
1580 2922 1758 2972 accepto
1798 2916 1975 2957 vulnere
2013 2915 2158 2957 conci-

323 2971 404 3022 dit,
434 2970 550 3012 haud
580 2972 781 3013 exanimis
813 2972 995 3027 quidem,
1025 2972 1101 3014 sed
1131 2979 1230 3029 post
1257 2973 1383 3014 ictum
1416 2973 1652 3014 huiusmodi
1681 2987 1762 3014 non
1792 2972 1865 3014 diu
1897 2971 2025 3013 vitam
2056 2986 2158 3029 pro-

324 3027 543 3070 ducturus.
602 3028 756 3070 Statim
786 3043 931 3071 omnes
961 3043 1210 3083 accurrere,
1254 3036 1340 3072 tum
1371 3029 1592 3081 Stoziani‚
1622 3037 1708 3071 tum
1740 3028 1911 3079 Mauri3
1963 3035 2007 3070 et
2036 3038 2159 3085 post-

325 3098 450 3140 quam
478 3084 746 3127 deficientem
776 3087 912 3128 animo
943 3085 1195 3142 viribusque
1225 3087 1281 3129 ad
1313 3087 1505 3130 arborem
1536 3086 1787 3142 deposuere,
1818 3086 1860 3126 in
1888 3085 2159 3128 adversarios
2227 3102 2229 3105 ⁴

325 3141 512 3184 animose
540 3142 712 3194 invecti,
742 3142 940 3184 Ioannem
970 3156 1022 3184 ac
1051 3143 1264 3186 Romanos
1295 3158 1437 3186 omnes
1467 3142 1580 3185 nullo
1604 3142 1776 3197 negotio
1809 3142 1853 3184 in
1884 3143 2026 3196 fugam
2057 3157 2160 3185 ver-

325 3205 499 3254 terunt,
551 3199 709 3256 quippe
739 3213 832 3241 cum
870 3199 966 3241 illos
995 3199 1122 3253 longe
1151 3215 1322 3243 numero
1358 3206 1628 3257 superarent.
1690 3200 1886 3242 Ioannem
1927 3200 1969 3241 in
2006 3215 2056 3244 eo
2086 3215 2161 3242 re-

326 3270 417 3298 rum
448 3255 629 3298 articulo
660 3256 819 3299 dixisse
847 3257 1012 3307 ferunt,
1042 3256 1122 3298 iam
1152 3258 1235 3299 sibi
1265 3265 1438 3300 mortem
1468 3256 1690 3298 iucundam
1719 3257 1827 3308 fore,
1858 3257 2026 3313 quando
2055 3271 2158 3299 con-

327 3313 443 3369 cepti
473 3314 516 3355 in
548 3314 721 3357 Stozam
761 3313 852 3356 voti
883 3326 1053 3368 compos
1083 3315 1303 3356 evasisset.
1361 3314 1428 3356 lbi
1456 3314 1575 3356 locus
1617 3313 1786 3369 quidam
1816 3314 1992 3357 declivis
2037 3319 2154 3356 erat:

327 3371 402 3412 ubi
431 3371 611 3413 Ioannes
638 3371 758 3427 lapso
785 3371 832 3413 in
862 3377 994 3426 caput
1022 3384 1132 3426 equo
1163 3384 1390 3422 excussus,
1428 3385 1520 3412 cum
1551 3370 1595 3412 in
1626 3385 1720 3413 eum
1748 3371 1863 3413 saltu
1894 3372 2032 3413 denuo
2062 3385 2156 3413 sese

328 3427 482 3471 tollere
510 3434 766 3482 conaretur,
800 3427 856 3471 ab
883 3426 1078 3471 hostibus
1106 3429 1433 3485 comprehensus
1460 3433 1505 3471 et
1533 3441 1681 3471 caesus
1709 3433 1804 3481 est,
1847 3427 1939 3472 vita
1967 3427 2156 3472 clarissi-
