2184 3822
239 205 321 262 80
983 199 1316 254 PROCOPII

239 347 323 402 καὶ
354 342 508 406 αὐτὸς
545 341 740 404 εὔελπις
764 340 834 395 ὢν
859 337 1047 394 ἐνθάδε
1082 338 1325 412 ἀφῖγμαι,
1372 338 1509 404 ὅπως
1545 340 1604 395 τὸ
1628 341 1804 396 λοιπὸν
1827 340 2054 414 ἀμφοτέ-

239 452 349 503 ροις
381 429 445 483 τὰ
475 430 529 481 ἔκ
555 434 644 495 τῆς
678 424 876 497 εἲρῆνης
910 425 1085 495 ἀγαθοὶ
1118 425 1252 494 εἶἠ.“
1331 424 1594 498 Ῥουφῖνος
1625 427 1796 495 με’ντοι
1823 434 2055 482 τοσαῦτα

244 514 362 570 εἷπε.
448 510 702 579 Καβάδης
739 511 796 563 δὲ
839 509 1097 578 ἀμείβεται
1137 504 1234 582 ὧδε
1275 506 1388 578 „³52
1427 520 1525 565 παῖ
1557 517 1841 580 Σιλβανοῦ,
1881 515 2054 582 μηδα-

241 606 354 670 μῶς
377 595 720 666 ἀντιστρέφειν
744 594 838 656 τὰς
861 597 1026 657 αι’τίας
1047 601 1230 667 πειρῶ,
1275 593 1478 650 πάντων
1501 594 1881 665 ἐξεπιστάμενος
1901 595 2054 666 μάλι-

238 706 339 738 στα
363 686 590 750 ταραχῆς
618 677 821 748 ἁπάσης
847 677 1179 742 αἰτιωτάτους
1199 680 1447 751 γεγονέναι
1468 682 1589 744 τούς
1603 679 1882 749 Ῥωμαιόυς
1903 680 2096 749 &plag-,5

236 766 404 827 πύλας
427 765 524 834 γὰρ
550 764 642 826 τὰς
665 766 907 827 Κασπίας
926 762 1068 834 ἡμεῖς
1092 764 1300 834 ἴσχομεν
1323 767 1401 818 ε’πὶ
1425 771 1498 838 τῷ
1510 770 1728 836 Περσῶν
1751 788 1805 820 τε
1829 769 1912 819 καὶ
1931 765 2056 821 Ῥω-

237 853 405 921 μαίων
431 849 616 922 ἀγαθῷ
643 846 942 918 βιασάμενοι
972 849 1091 912 τούς
1119 852 1277 922 ἐκείνῃ
1299 848 1628 921 βαρβάρους,
1674 851 1776 904 ἐπεὶ
1808 849 2058 905 Ἀναστά-

235 957 349 998 σιος
369 933 394 989 ὃ
417 932 678 1002 Ῥωμαίων
702 931 1049 1005 αὐτοκράτωρ,
1070 932 1138 996 ὥς
1159 957 1257 988 που
1282 937 1366 988 καὶ
1389 935 1543 998 αὐτὸς
1571 932 1747 1000 οἶσθα,
1773 935 1938 1006 παρὸν
1962 935 2058 989 αὗ-

231 1020 332 1083 τάς
359 1016 618 1091 χρήμασιν
656 1019 926 1086 ὠνεῖσθαι,
980 1020 1074 1073 οὗκ
1112 1019 1325 1086 ἤθελεν,
1399 1018 1535 1082 ὅπως
1571 1019 1645 1088 μὴ
1680 1017 1972 1090 στράτευμα
2008 1022 2060 1083 ἐς

228 1103 403 1159 πάντα
444 1104 535 1158 τὸν
576 1107 737 1158 αῗῶνα
777 1106 1004 1158 ἐνταῦθα
1041 1103 1169 1172 ἔχων
1204 1102 1444 1175 χρήματα
1464 1102 1655 1174 μεγάλα
1675 1102 1801 1176 ὖπέρ
1828 1104 2055 1176 ἀμφοτέ-
2070 1120 2127 1164 10

155 1209 200 1252 c
237 1211 344 1262 ρων
378 1193 651 1261 προΐεσθαι
693 1187 1047 1259 ἀναγκάζηται.
1135 1189 1189 1252 ἐξ
1213 1190 1399 1242 ἐκείνου
1423 1211 1477 1243 τε
1511 1187 1654 1259 ἡμεῖς
1690 1190 1934 1261 στρατιὰν
1969 1212 2060 1244 το-

228 1273 436 1344 σαύτην
466 1274 526 1328 τὸ
561 1280 764 1343 πλῆθος
787 1275 1018 1328 ἐνταῦθα
1043 1271 1483 1343 καταστησάμενοι
1510 1277 1594 1328 καὶ
1625 1275 1677 1336 ἐς
1705 1273 1795 1329 τόν
1826 1272 2058 1346 παρόντα

227 1357 423 1430 χρόνον
455 1359 780 1430 ε’κτρέφοντες
816 1356 1105 1427 δεδώκαμεν
1133 1356 1253 1426 ὖμῖν
1283 1356 1345 1413 τό
1366 1381 1418 1429 γε
1448 1359 1580 1413 κατὰ
1607 1359 1729 1422 τοὺς
1745 1361 1903 1432 ἐκείνῃ
1923 1366 2058 1431 βαρ-

234 1443 432 1516 βάρους
465 1444 620 1514 μέρος
646 1441 881 1515 ἀδῄωτον
916 1443 1010 1512 τὴν
1039 1440 1216 1514 χώραν
1249 1445 1398 1497 οἰκεῖν
1408 1484 1426 1510 ,
1471 1444 1561 1506 ’ξὺν
1592 1449 1756 1515 πολλῇ
1793 1444 2059 1515 ἀπραγμο-

219 1527 362 1600 ισύνῃ
387 1528 452 1583 τὰ
470 1526 689 1598 ὑμέτερα
713 1527 884 1581 αὐτῶν
907 1526 1122 1596 ἔχουσιν.
1211 1525 1379 1599 ὥσπερ
1403 1529 1459 1581 δὲ
1483 1528 1577 1598 οὐχ
1598 1528 1771 1583 ἱκανὸν
1792 1527 1913 1596 ὖμῖν
1935 1535 2059 1584 τοῦ·
2071 1541 2128 1588 15

32 1631 75 1675 v
101 1627 187 1677 254
216 1611 291 1667 ’.τό
316 1635 399 1684 γε,
445 1615 529 1666 καὶ
555 1610 702 1667 πόλιν
726 1610 950 1683 μεγάλην
971 1609 1158 1683 Δάρας
1178 1612 1487 1682 ἐπιτείχισμα
1507 1614 1737 1686 Πέρσαις
1754 1616 2055 1684 πεποίησθε,

220 1700 409 1770 καίπερ
441 1695 724 1769 διαρρήδην
749 1699 801 1752 ἐν
824 1706 938 1760 ταῖς
972 1699 1221 1760 σπονδαῖς
1252 1697 1617 1769 ἀπειρημένον,
1654 1698 1814 1772 ἅσπερ
1847 1697 2060 1755 Ἀνατό-

227 1790 341 1847 λιος
385 1782 514 1854 πρὸς
558 1783 770 1854 Πέρσας
818 1781 995 1849 ἔθετο,
1055 1785 1140 1836 καὶ
1176 1781 1273 1836 ἀπ’
1313 1782 1473 1837 αὐτοῦ
1510 1787 1653 1838 δυοῖν
1692 1785 2060 1856 στρατοπέδων

154 1884 205 1927 J)
235 1866 426 1939 ἀνάγκη
466 1865 639 1930 πόνοις
661 1889 714 1922 τε
738 1871 821 1922 καὶ
845 1864 1047 1939 δαπάνῃ
1072 1873 1398 1923 κεκακῶσθαι
1428 1868 1495 1923 τοὶ
1521 1873 1741 1942 Περσῶν
1764 1867 2057 1943 πράγματα,

229 1955 290 2008 τὸ
342 1955 463 2022 μὲν,
523 1950 662 2014 ὅπως
710 1953 784 2022 μὴ
841 1953 1186 2023 Μασσαγέται
1229 1953 1324 2023 τὴν
1363 1952 1668 2026 ἀμφοτέρων
1703 1960 1796 2025 γῆν
1834 1955 1969 2025 ἄγειν
2004 1967 2129 2013 τε20

230 2041 316 2093 καὶ
369 2038 536 2109 φέρειν
579 2037 741 2100 ἀδεῶς
789 2035 1067 2104 δύνωνται,
1130 2039 1190 2092 τὸ
1235 2040 1317 2105 δὲ,
1379 2036 1518 2102 ὅπως
1563 2038 1627 2094 ἂν
1675 2040 1770 2103 τὰς
1812 2037 2060 2109 ὖμετὲρας

234 2123 515 2195 ἐπιδρομὰς
539 2121 946 2191 ἀναστέλλοιμεν.
1032 2120 1160 2194 ὑπὲρ
1192 2115 1263 2177 ὧν
1301 2121 1507 2194 ἔναγχος
1529 2125 1868 2196 μεμφομένων
1889 2123 2054 2195 ἡμῶν,

236 2211 381 2263 δυοῖν
421 2229 474 2262 τε
510 2207 569 2261 τὸ
608 2209 779 2281 ἕτερον
818 2206 1093 2273 ἀξιούντων
1131 2208 1262 2283 παρ’
1298 2206 1444 2279 ὖμῶν
1480 2211 1739 2283 γίνεσθαι,
1796 2210 1830 2281 ἢ
1869 2210 1922 2277 ἔξ
1956 2211 2058 2281 ἆμ-

348 2346 421 2391 23.
452 2343 616 2401 δυοῖν]
646 2345 777 2390 δυεῖν
803 2345 854 2393 Ρ.

232 2473 328 2516 gna
347 2458 538 2502 turbare.
597 2441 670 2501 Με
690 2472 790 2502 vero
814 2473 899 2501 non
924 2460 1016 2503 sine
1038 2473 1112 2517 spe
1134 2461 1244 2503 bona
1267 2459 1349 2504 leue
1371 2461 1572 2517 perduxit
1597 2462 1815 2505 consilium
1833 2463 1980 2518 pacis,
2010 2467 2060 2506 ut

234 2519 329 2560 eius
361 2517 478 2558 bonis
513 2522 738 2572 utrumque
764 2517 995 2571 Imperium
1011 2522 1274 2572 fortunetur.
1331 2519 1454 2561 Haec
1485 2519 1688 2562 Rufinum
1722 2520 1791 2562 cui
1820 2519 1882 2562 sic
1911 2526 2060 2563 contra

235 2573 446 2618 cabades.
503 2575 601 2629 Ego
634 2587 758 2625 vero,
781 2575 850 2629 fili
879 2576 1074 2630 Silvani,
1106 2577 1166 2618 ad
1187 2576 1451 2632 reget-endas
1469 2578 1662 2631 querelas
1683 2579 1848 2619 nullam
1878 2578 2061 2619 adhibeo

233 2631 372 2673 animi
398 2631 724 2684 contentionem,
754 2632 908 2686 quippe
939 2635 1013 2688 qui
1043 2634 1176 2676 sciam
1207 2634 1396 2676 omnium
1414 2634 1571 2688 optime
1596 2647 1670 2675 vos
1692 2633 1908 2677 Romanos
1935 2635 2057 2689 quid-

234 2688 339 2744 quid
359 2688 581 2730 turbarum
595 2689 689 2741 suit
718 2690 902 2731 maxime
924 2693 1142 2734 excitasse.
1203 2691 1296 2734 Nos
1319 2691 1472 2733 Portas
1495 2691 1674 2745 Caspias
1695 2692 1742 2733 in
1768 2691 2059 2733 Romanorum

234 2759 372 2801 aeque
407 2759 459 2787 ac
495 2745 722 2788 Persarum
758 2748 1018 2789 commodum
1039 2748 1360 2803 occupavimus,
1392 2748 1551 2790 exactis
1572 2748 1672 2790 inde
1694 2749 1912 2803 barbaris,
1944 2755 2059 2804 post-

233 2816 444 2857 eaquam,
473 2808 522 2846 ut
555 2803 646 2858 ipse
678 2803 783 2855 seis,
814 2805 1066 2847 Anastasius
1097 2806 1224 2848 Rom.
1260 2806 1498 2859 Imperator
1526 2819 1600 2847 eas
1625 2820 1764 2849 emere
1791 2820 1886 2848 cum
1902 2812 2058 2861 posset,

230 2860 395 2910 noluit,
439 2874 494 2902 ne
527 2859 575 2901 in
606 2860 864 2915 stipendium
895 2863 1061 2904 assidui
1091 2864 1181 2906 illic
1215 2863 1365 2905 militis
1396 2875 1580 2916 magnos
1614 2870 1806 2918 sumptus
1838 2864 1903 2906 rei
1927 2877 2059 2905 causa

231 2917 465 2959 communis
488 2919 641 2971 facere
671 2923 908 2974 cogeretur.
969 2919 1058 2961 Nos
1086 2921 1148 2963 ibi
1171 2919 1436 2975 praesidium
1467 2920 1742 2974 imposuimus
1767 2921 2061 2963 numerosissi-

227 2988 373 3016 mum:
401 2988 478 3016 nos
509 2975 570 3016 ad
601 2975 711 3016 hanc
747 2975 861 3017 diem
897 2976 1107 3019 aluimus.-
1138 2991 1215 3020 nos
1247 2977 1362 3019 vobis
1382 2977 1436 3019 de
1459 2991 1506 3018 re
1528 2984 1673 3019 vestra
1692 2991 1848 3032 parum
1866 2978 2058 3020 sollicitis

229 3031 281 3074 id
319 3032 564 3086 beneficium
591 3033 910 3087 praestitimus,
940 3039 988 3076 ut
1010 3035 1163 3078 saltem
1184 3049 1213 3076 a
1234 3034 1468 3087 Barbaria,
1497 3034 1572 3089 qui
1603 3034 1692 3076 illic
1725 3035 1912 3092 degunt,
1940 3036 2059 3077 inta-

225 3095 346 3131 ctam
370 3089 576 3131 hactenus
597 3090 816 3145 regionem
837 3090 1109 3136 incolueritis.
1176 3092 1258 3134 Vos
1291 3097 1460 3144 autem,
1491 3091 1614 3146 quasi
1647 3091 1780 3133 levius
1801 3097 1910 3133 esset
1927 3091 2059 3143 istud,

228 3147 398 3189 Duram
430 3147 576 3188 urbem
610 3161 820 3202 magnam
859 3147 918 3188 ad
951 3149 1262 3203 oppugnandos
1284 3149 1437 3191 Persas
1458 3147 1728 3199 extruxisti35
1757 3155 1905 3191 contra
1928 3162 2058 3205 quam

225 3204 388 3246 diserte
405 3210 578 3246 cautum
603 3210 666 3246 est
687 3205 965 3247 instrumento
985 3207 1106 3259 pacis
1129 3207 1185 3248 ab
1207 3206 1406 3248 Anatolio
1427 3218 1523 3246 cum
1544 3205 1630 3246 illis
1652 3206 1919 3261 compositae.
1979 3207 2059 3248 At-

224 3275 312 3317 que
345 3274 396 3303 ex
432 3275 479 3303 eo
511 3267 701 3316 tempore
738 3275 905 3304 necesse
931 3263 1025 3315 suit
1057 3277 1148 3305 rem
1175 3263 1392 3306 Persicam
1413 3276 1498 3304 non
1520 3262 1655 3304 solum
1675 3263 1852 3317 praeliis
1867 3295 1879 3313 ‚
1908 3277 2056 3305 verum

225 3319 366 3360 etiam
399 3324 572 3374 sumptu
607 3319 742 3360 minui
772 3320 820 3361 in
849 3319 953 3361 duos
986 3321 1192 3362 exercitus
1213 3324 1363 3374 sacto.-
1402 3332 1578 3374 quorum
1615 3320 1799 3362 alterum
1830 3320 2057 3362 obiecimus

230 3376 525 3432 Massagetis,
553 3390 608 3417 nc
627 3377 674 3418 in
700 3381 876 3432 utroque
897 3389 1032 3432 regno
1054 3383 1258 3431 raperent
1279 3378 1451 3431 impune
1478 3390 1531 3418 ac
1545 3378 1718 3428 ferrent
1742 3378 1917 3428 omnia3
1946 3378 2058 3419 alte-
2135 3403 2137 3405 ·

228 3447 329 3475 rum
353 3434 469 3476 vobis
483 3463 497 3485 ,
525 3447 606 3488 quo
630 3434 892 3483 excursiones
908 3441 1068 3476 vestras
1094 3435 1394 3477 cohiberemus.
1450 3435 1514 3475 Ao
1537 3433 1591 3475 de
1612 3434 1679 3476 his
1698 3449 1782 3476 non
1803 3437 1868 3478 ita
1889 3434 2058 3489 pridem.

232 3492 569 3547 expostulantes,
599 3505 693 3534 cum
724 3505 755 3534 a
788 3491 906 3534 vobis
934 3498 1174 3547 peteremus
1205 3492 1490 3541 alterutrum3
1517 3496 1596 3535 aut
1629 3496 1679 3534 ut
1709 3493 1831 3535 miles
1859 3492 2059 3546 utrinque
