2254 3814
312 138 432 195 300
559 140 892 195 PROCOPII
932 139 1027 192 DE
1070 139 1297 194 BELLO
1338 140 1631 197 PERSICO
1673 141 1741 197 Π.
1786 145 1882 200 30.

471 278 709 346 Ἰωάννης
739 301 793 332 τε
834 277 860 331 ὅ
901 273 1255 349 Καππαδόκης
1300 281 1514 356 ἐνιαυτῷ
1562 279 1809 354 πρότερον
1843 290 2047 349 βασιλεῖ
2080 286 2131 349 ἒς

304 361 584 430 Βυζάντιον
605 361 960 431 μετάπεμπτος
985 359 1131 432 ἦλθε.
1219 363 1454 433 τηνικάδε
1489 366 1585 438 γὰρ
1617 366 1863 444 Θεοδῶρᾳ
1891 375 1955 441 τῇ
1977 377 2131 437 βασι-

240 453 281 497 D
311 453 411 503 λίδι
439 449 686 519 ἐπεγένετο
715 446 746 516 ἦ
783 449 969 511 τέλειος
999 449 1165 518 ἡμέρα
1200 455 1292 503 τοῦ
1329 452 1464 519 βίου.
1551 458 1654 506 τῶν
1693 453 1866 519 μέντοι
1901 453 2129 524 πρόσθεν

303 531 604 602 ἀξιωμάτων
630 531 1006 587 ἀνασώσασθαι
1042 530 1155 588 οὐδ’
1186 532 1356 588 ὄτιοῢν
1382 535 1550 605 ἴσχεν,
1597 537 1716 590 ἀλλ’
1752 540 1829 591 ἐπὶ
1855 545 1949 607 τῆς
1974 540 2131 593 ἀκου-

301 622 415 672 σίου
447 624 596 687 τιμῆς
627 619 787 689 ἱερεὺς
822 618 1007 687 Ξζιιεινε·
1062 621 1224 672 καίτοι
1262 618 1604 691 φαντάσματα
1631 629 1704 695 τῷ
1728 621 1990 696 ἀνθρώπῳ
2022 626 2170 694 εἴγε-5

302 701 434 773 γόνει
461 702 705 766 πολλάκις
732 702 801 766 ὦς
834 707 903 766 εἷς
940 706 1203 770 βασιλείαν
1242 705 1492 776 ἀφίξεται.
1582 713 1723 778 φιλεῖ
1741 709 1837 780 γὰρ
1862 709 1921 762 τὸ
1947 707 2132 777 δαιμό-

299 811 406 842 νιον
418 830 435 855 ,
485 787 607 860 ὅπερ
635 791 686 851 ἐς
723 790 844 851 τοὺς
869 788 1183 862 ἀνθρώπους
1205 787 1514 862 ὦραΐζεσθαι
1538 792 1788 863 πέφυκεν,
1835 793 1936 847 ἀπὸ
1961 791 2131 862 μειζό-

299 896 400 928 νων
435 896 489 927 τε
526 877 609 928 καὶ
637 873 973 946 ὗψηλοτὲρων
1006 877 1222 929 ἐλπίδων
1259 882 1448 946 κρεμᾶν
1487 875 1564 939 οἷς
1590 878 1653 947 δὴ
1691 878 1784 931 οὒκ
1811 879 1891 931 ἐπὶ
1915 885 2130 950 στερρᾶς

132 955 169 997 V
195 955 277 1001 339
301 957 502 1030 φύσεως
538 960 632 1028 τὴν
669 955 896 1013 διάνοιαν
936 958 1143 1015 ἑστάναι
1175 963 1452 1029 ξυμβαίνει.
1545 965 1628 1015 καὶ
1671 960 1840 1037 τούτῳ
1885 969 2006 1034 γοῦν
2055 969 2129 1036 τῷ

295 1042 506 1116 Ἰωάννῃ
532 1044 691 1107 ἄλλας
714 1067 765 1099 τε
789 1047 983 1109 πολλὰς
1010 1044 1335 1116 τερατολόγοι
1365 1044 1640 1118 φαντάσεις
1664 1049 1715 1111 ἐς
1739 1048 1815 1102 ἀεὶ
1848 1048 2130 1121 προῦλεγον
2147 1059 2200 1101 10
2240 1079 2244 1083 -

300 1133 384 1185 καὶ
409 1129 478 1193 ὥς
495 1131 598 1201 χρὴ
625 1131 781 1184 αὐτὸν
802 1131 859 1184 τὸ
890 1137 982 1186 τοῦ
1012 1129 1321 1200 Αὐγούστου
1351 1131 1671 1199 ἀμπέχεσθαι
1701 1139 1892 1203 σχῆμα.
1977 1128 2040 1203 ’ἦν
2074 1134 2136 1188 δέ

299 1238 377 1279 τις
403 1218 454 1270 ἔν
487 1218 756 1288 Βυζαντίῳ
797 1217 987 1286 ἱερεὺς,
1049 1216 1356 1286 Αὔγουστος
1390 1215 1555 1283 ὄνομα
1563 1259 1581 1284 ,
1643 1216 1702 1278 ὃς
1741 1219 1804 1287 δὴ
1830 1224 1932 1272 τῶν
1957 1240 2131 1289 κειμη-

126 1298 161 1340 P
193 1299 273 1343 171
304 1303 426 1356 λίων
452 1307 543 1355 τοῦ
572 1307 665 1370 τῆς
693 1302 892 1371 Σοφίας
926 1302 1063 1372 ἱεροῦ
1100 1301 1335 1372 φυλακὴν
1358 1298 1502 1370 εἶχεν.
1585 1300 1734 1372 ἡνίκα
1764 1305 1936 1357 τοίνυν
1952 1302 2130 1358 Ἰωάν-

296 1409 390 1456 νης
425 1383 837 1456 ἀποθριξάμενος
870 1392 963 1455 τῆς
994 1384 1268 1458 ἱερωσύνης
1301 1385 1484 1455 ἠξίωτο
1514 1388 1636 1462 βίᾳ,
1683 1388 1744 1441 οὗ
1768 1388 1866 1461 γὰρ
1890 1383 1952 1458 ἦν
1990 1389 2130 1463 αὐτῷ

299 1472 462 1541 ἔσθὴς
504 1473 628 1541 ἱερεῖ
663 1471 959 1542 πρέπουσα,
1016 1470 1202 1526 τούτου
1242 1471 1307 1541 δὴ
1346 1477 1440 1525 τοῦ
1476 1469 1821 1542 Αὐγούστου,
1878 1471 2024 1544 ἐγγύς
2058 1498 2126 1544 πη
2145 1487 2197 1532 15

298 1557 445 1619 ὄντος
458 1599 475 1624 ,
522 1554 612 1611 τόν
636 1578 692 1610 τε
720 1555 969 1628 φαινόλην
1007 1560 1090 1611 καὶ
1118 1557 1208 1611 τὸν
1234 1562 1430 1627 χιτῶνα
1465 1555 1851 1613 ἒνὸιὸίσκεσθαι
1875 1560 2004 1630 πρὸς
2027 1566 2131 1614 τῶν

296 1650 370 1717 τῷ
411 1643 540 1716 ἔργῳ
580 1640 880 1713 ἐφεστώτων
921 1641 1208 1715 ἦνάγκαστο
1223 1685 1241 1710 ,
1312 1644 1365 1706 ἐς
1397 1641 1553 1698 τοῦτο’
1589 1665 1645 1699 τε
1682 1643 1824 1719 αὐτῷ
1851 1645 2126 1717 ἀπεκρίθη,

298 1729 467 1799 οἶμαι,
511 1726 542 1798 ἦ
570 1725 868 1800 πρόρρησις.

408 1865 453 1912 4.
485 1861 708 1910 ἀκουσίου
740 1868 874 1921 τιμῆς
910 1869 955 1908 et
984 1863 1054 1910 14.
1079 1865 1163 1922 τῆς
1205 1861 1456 1923 ἱερωσύνης
1481 1860 1684 1923 ἠξίωτο]
1721 1865 1850 1910 Cous.
1881 1878 1926 1922 p.
1958 1865 2056 1918 135,
2086 1867 2131 1909 6.

1706 1937 1727 1967 ε

405 1981 451 2026 5.
479 1981 545 2037 τῷ
575 1976 840 2037 ἀνθρώπῳ]
870 1981 936 2034 τῷ
966 1993 1044 2023 om.
1075 1980 1128 2025 L.
1251 1979 1295 2022 8.
1325 1979 1547 2036 στερρᾶς]
1579 1981 1742 2036 στερᾶς
1769 1980 1821 2034 L,
1851 1993 1872 2023 a
1902 1993 1929 2022 a
1956 1993 2010 2022 m.
2039 1992 2125 2023 sec.

409 2041 608 2093 στερεοῖς
638 2039 735 2082 Hm.
882 2041 950 2082 10.
982 2035 1261 2092 φαντᾶσεις]
1294 2039 1588 2094 φαντασίας.)
1731 2041 1802 2083 11.
1829 2036 1951 2093 „xpri
1980 2038 2125 2093 Reg.“

405 2095 544 2151 Vulgo
587 2096 716 2152 χρῆν.
834 2096 904 2139 15.
934 2093 1077 2151 ἐσθὴς
1105 2109 1185 2139 om.
1216 2096 1270 2138 L.

404 2208 526 2251 Anno
555 2208 780 2266 superiore
809 2207 991 2252 Ioannes
1021 2207 1261 2266 Cappadox
1289 2207 1541 2264 Byzantium
1571 2210 1750 2251 venerat
1779 2208 1833 2251 ab
1862 2207 2126 2264 Imperatore

293 2264 481 2309 accitus:
510 2269 612 2308 tunc
641 2266 748 2308 enirn
781 2266 1016 2309 Theodora
1043 2268 1237 2320 Augusta
1258 2279 1496 2323 supremum
1524 2265 1635 2308 diem
1657 2264 1838 2309 obierat.
1900 2265 2125 2309 Caeterum

292 2324 367 2366 ille
396 2337 449 2365 ex
481 2323 711 2366 honoribus
751 2322 943 2379 pristinis
982 2337 1241 2379 recuperare
1284 2322 1443 2365 nullum
1478 2323 1646 2379 potuit3
1687 2322 1765 2364 sed
1805 2322 1920 2378 quod
1963 2323 2126 2365 invitus

291 2380 479 2432 inierat,
523 2380 662 2422 tenuit
702 2380 1018 2422 sacerdotium:
1068 2378 1239 2422 tametsi
1267 2380 1414 2422 oblata
1451 2380 1538 2434 ipsi
1566 2380 1870 2437 phantasmata
1898 2379 2126 2436 Imperium

289 2451 421 2492 saepe
451 2437 747 2493 promiserant.
805 2437 1015 2482 Nimirum
1046 2437 1116 2479 hic
1144 2442 1211 2480 est
1239 2435 1454 2480 daemonis
1483 2451 1598 2489 mos,
1645 2440 1694 2482 ut
1723 2436 1837 2491 quod
1866 2436 1983 2479 inter
2011 2451 2125 2479 mor-

289 2495 402 2537 tales
433 2495 661 2550 splendore
702 2508 777 2537 suo
808 2493 1088 2537 commendari
1127 2492 1306 2536 maxime
1334 2494 1473 2546 solet,
1502 2494 1550 2537 id
1579 2508 1604 2536 e
1631 2492 1783 2536 maiori
1813 2507 1864 2536 ac
1891 2492 2123 2536 sublimiori

288 2564 367 2606 spe
388 2553 622 2605 suspendat
662 2551 770 2603 illis,
807 2551 963 2607 quibus
999 2563 1115 2594 mens
1144 2555 1211 2593 est
1239 2557 1392 2593 natura
1430 2550 1551 2594 levis.
1608 2550 1688 2593 Isti
1716 2563 1820 2592 sane
1848 2550 1996 2593 Ioanni
2030 2565 2123 2593 cum

289 2607 374 2650 alia
401 2607 531 2650 multa
557 2608 700 2651 inania
730 2608 1039 2664 praedicebant
1067 2606 1356 2664 prodigiorum
1378 2613 1651 2660 narratores,
1678 2615 1767 2650 tum
1797 2621 1890 2649 eum
1921 2609 2002 2650 hoc
2030 2608 2121 2650 fato

288 2670 433 2706 natum
465 2678 586 2715 esse,
618 2671 666 2707 ut
694 2667 885 2708 habitum
915 2665 1096 2720 Augusti
1125 2663 1333 2707 indueret.
1394 2664 1575 2716 Quidam
1616 2669 1757 2707 autem
1795 2664 1996 2706 sacerdos
2026 2669 2122 2707 erat

286 2720 507 2777 Byzantii,
535 2735 686 2765 sacrae
715 2723 1026 2779 suppellectilis
1055 2721 1204 2779 templi
1228 2720 1420 2778 Sophiae
1450 2726 1605 2771 custos,
1634 2721 1702 2764 cui
1731 2735 1881 2764 nomen
1909 2722 2119 2776 Augusto.

285 2777 424 2834 Igitur
453 2778 622 2834 quando
652 2785 828 2831 tonsus,
858 2779 1048 2822 renitens
1078 2778 1203 2829 licet,
1244 2785 1288 2822 et
1316 2778 1560 2822 sacerdotio
1589 2778 1868 2834 inauguratus
1898 2782 1964 2819 est
1993 2778 2119 2819 Ioan-

286 2847 388 2886 neS‚
428 2839 515 2877 tum
544 2839 664 2878 veste
692 2836 956 2879 sacerdotem
986 2835 1166 2878 decente
1197 2849 1369 2887 carens,
1414 2835 1539 2878 huius
1565 2834 1748 2890 Augusti
1775 2849 1910 2891 prope
1940 2834 2120 2876 astantis

284 2891 482 2948 penulam
512 2905 563 2933 ac
590 2892 773 2935 tunicam
803 2893 981 2935 induere
1009 2897 1183 2936 coactus
1214 2892 1343 2934 abiis
1373 2895 1454 2944 est,
1485 2891 1560 2948 qui
1584 2892 1648 2935 rei
1678 2898 1917 2948 praeerant.
1977 2891 2119 2947 Atque

285 2947 370 3007 ipsi
398 2948 440 2995 iu
470 2949 580 2992 hunc
609 2948 771 2993 demum
800 2949 987 3002 exitum,
1011 2963 1104 2996 mea
1133 2948 1302 3006 quidem
1327 2949 1564 3002 sententia,
1594 2947 1830 3006 praedictio
1859 2946 2029 2990 recidit.

2241 3345 2254 3364 “Ι
2238 3294 2243 3301 “
2240 3240 2249 3253 ⁴
2243 3205 2254 3222 r
2244 3144 2248 3178 -
2243 3073 2250 3111 Ἰ
2235 2759 2254 3050 stv1u’:.-.-.'⁷-uh-’ss.
2247 2727 2254 2734 ι
2249 2696 2254 2708 -r
