2254 3814
303 100 423 157 312
1046 95 1379 150 PROCOPII

298 261 429 309 μνον
441 281 458 306 ,
501 239 535 309 ἢ
577 239 705 310 πρὸς
738 236 877 309 αῧτῷ
912 240 985 308 τῷ
1017 233 1176 309 Ἰονίῳ
1211 244 1368 289 κεῖται
1401 230 1606 306 κόλπῳ,
1640 232 1936 304 Δυρράχιον
1959 241 2117 289 τανῦν

301 325 616 393 καλουμένη,
662 324 747 375 καὶ
784 319 878 390 ὅση
915 319 1048 391 ἀμφὶ
1087 320 1176 375 τὸν
1214 319 1450 383 Εὔξεινον
1471 317 1684 384 πόντον,
1738 317 1807 381 ὥς
1830 319 2118 390 ἔμπροσθεν

301 410 522 481 εἴρηται,
567 406 667 460 ὑπὸ
700 403 964 474 Ῥωμαίοις
995 406 1116 458 ἐστί.
1203 411 1326 473 μιᾶς
1353 405 1409 457 δὲ
1443 402 1635 475 ἡμέρας
1671 400 1790 466 ὅδός
1814 405 1864 467 ἐς
1891 405 2011 458 δέκα
2035 409 2118 459 καὶ

300 493 588 562 διακοσίους
637 486 793 557 διήκει
839 492 1109 556 σταδίους,
1170 487 1292 543 ὅσον
1328 487 1617 559 Ἀθήνηθεν
1653 487 1934 560 Μέγαράδε
1977 490 2119 545 ἴέναι.

304 577 438 633 οὕτω
476 577 567 645 μὲν
605 575 812 645 ἤπειρον
847 574 1087 646 ἑκατέραν
1128 574 1177 628 οἶ
1203 573 1462 644 Ῥωμαίων
1487 570 1856 645 αὐτοκράτορες
1878 576 2161 632 διείλοντοδ

300 664 462 734 σφίσι.
548 666 650 714 τῶν
687 661 743 713 δὲ
785 661 848 728 δὴ
882 658 1052 729 νήσων
1089 661 1373 730 Βρεττανία
1397 660 1520 728 μὲν,
1565 657 1765 727 ἦέκτὸς
1794 664 1996 730 στηλῶν
2021 666 2123 714 τῶν

295 746 632 815 Ἡρακλείων,
678 742 846 814 νήσων
877 744 1091 799 ἁπασῶν
1117 747 1325 815 μεγίστη
1349 744 1490 815 παρὰ
1517 743 1645 798 πολὺ
1674 739 1832 811 οἷσα,
1877 745 2006 811 μετὰ
2033 751 2125 813 τῆς

236 846 277 887 D
306 830 570 902 ἑσπερίας,
633 827 700 892 ὥς
733 851 785 900 γε
822 831 879 884 τὸ
919 831 1077 897 εἰκὸς,
1137 828 1370 884 ἐτάττετο
1410 831 1625 899 μοίρας·
1682 830 1824 891 ἐντὸς
1860 831 1916 882 δὲ
1953 830 2124 883 αὐτῶν

287 916 518 983 ’Έβουσα
531 957 548 981 ,
590 914 756 985 ὥσπερ
794 916 846 970 ἐν
880 917 1198 986 Προποντίδι
1230 921 1294 987 τῇ
1317 915 1445 984 μετὰ
1473 915 1567 983 τὴν
1590 913 1809 968 ὠκεανοῦ
1834 915 2049 984 ἐσβολὴν
2073 917 2125 968 ἐν

302 999 548 1071 θαλάσσῃ
570 1000 795 1069 κειμένη,
839 1002 891 1063 ἐς
918 999 1045 1054 ἑπτὰ
1069 998 1271 1071 ἡμερῶν
1311 999 1431 1054 ὁδὸν
1458 998 1683 1068 μάλιστα
1721 997 2000 1068 διήκουσα,
2038 1002 2122 1053 καὶ
2142 1015 2195 1055 10

299 1083 392 1140 δύο
432 1084 575 1157 ἄμφ’
615 1085 775 1153 αὐτὴν
814 1085 1006 1157 ἕτεραι,
1054 1083 1324 1156 Μαϊόρικά
1357 1106 1412 1138 τε
1448 1087 1532 1137 καὶ
1566 1081 1826 1155 Μινόρικα
1850 1086 2126 1156 ἐπιχωρίως

299 1168 623 1239 καλούμεναι.
706 1175 810 1224 τῶν
834 1171 890 1224 δὲ
916 1170 1043 1223 κατὰ
1071 1167 1348 1223 θάλασσαν
1374 1166 1542 1236 νήσων
1570 1166 1756 1237 ἑκάστη
1782 1170 1990 1242 θατέρῳ
2018 1179 2126 1223 τοῖν

298 1256 556 1323 βασιλέοιν
580 1254 881 1323 ἐπέβαλλεν,
926 1252 997 1318 ὥς
1022 1254 1154 1324 αὐτὴ
1178 1251 1320 1318 ἐντός
1341 1275 1440 1308 που
1467 1259 1570 1308 τῶν
1595 1254 1782 1308 ἐκείνου
1811 1251 1961 1326 ὁρίων
1984 1255 2127 1319 ξυνέ-

296 1347 440 1409 βαινε
467 1345 685 1396 κεῖσθαι.
1586 1357 1589 1361 ’

470 1451 539 1523 β’.
621 1451 866 1523 Ὁνωρίου
893 1453 948 1507 δὲ
971 1453 1062 1522 τὴν
1085 1453 1212 1524 πρὸς
1233 1450 1378 1523 ἡλίου
1403 1454 1622 1520 δυσμαῖς
1643 1448 1843 1520 ἴχοντος
1866 1453 2130 1520 βασιλείαν
2146 1464 2199 1508 15
2253 1439 2254 1464 ³

298 1536 561 1612 βάρβαροι
581 1538 676 1606 τὴν
702 1539 889 1592 ἐκείνου
918 1539 1199 1607 κατέλαβον
1223 1536 1414 1609 χώραν.
1487 1538 1664 1599 οἵτινες
1691 1538 1747 1590 δὲ
1774 1539 1857 1590 καὶ
1884 1536 1986 1611 ὅτῳ
2009 1535 2132 1609 τρό-

298 1647 378 1699 πῳ
392 1652 423 1691 ,·
454 1623 718 1688 λελέξεται.
804 1628 856 1678 Γ
852 1625 1038 1677 οτθικὰ
1075 1623 1201 1693 ἔθνη
1236 1624 1402 1678 πολλὰ
1424 1624 1517 1691 μὲν
1545 1625 1629 1675 καὶ
1654 1621 1784 1675 ἄλλα
1809 1620 2054 1694 πρότερόν
2077 1644 2131 1677 τε

301 1705 364 1778 ἦν
388 1711 471 1763 καὶ
495 1715 651 1763 τανῦν
676 1710 810 1775 ἐστι,
855 1711 922 1762 τὰ
946 1710 1002 1762 δὲ
1025 1710 1089 1777 δὴ
1110 1707 1313 1763 πάντων
1339 1705 1550 1779 μέγιστά
1572 1729 1625 1762 τε
1649 1709 1730 1760 καὶ
1755 1705 2132 1778 ἀξιολογώτατα

299 1799 351 1850 Γ
349 1792 500 1849 ότθοι
523 1794 580 1848 τὲ
604 1797 697 1847 εῗσι
723 1797 806 1847 καὶ
835 1796 1080 1847 Βανδίλοι
1105 1798 1188 1848 καὶ
1222 1794 1553 1863 Οὐισίγοτθοι
1587 1795 1672 1845 καὶ
1699 1796 1751 1846 Γ
1745 1790 1969 1861 ήπαιδες.
2027 1791 2132 1847 πά-

300 1885 386 1933 λαι
415 1880 585 1948 μέντοι
617 1877 955 1949 Σαυρομάται
992 1881 1074 1932 καὶ
1104 1876 1483 1949 ΖΠελάγχλαινοι
1517 1874 1856 1944 ὠνομάζοντο.
1946 1881 2039 1931 εἶσὶ
2077 1880 2201 1934 δέΞΟ

305 1965 362 2018 οἳ
388 1967 471 2018 καὶ
507 1968 559 2019 Γ
555 1963 692 2018 ετικὰ
727 1964 855 2034 ἔθνη
895 1964 1048 2019 ταῦτ’
1075 1962 1303 2019 ἐκάλουν.
1393 1957 1534 2017 οὗτοι
1558 1960 1778 2025 ἅπαντες
1799 1959 2014 2031 ὀνόμασι
2040 1965 2134 2032 μὲν

416 2115 458 2157 1.
489 2108 780 2167 Δυρράχιον]
815 2110 1035 2168 δυράχιον
1063 2114 1117 2156 L.
1282 2113 1326 2157 3.
1356 2106 1466 2161 ὁδὸς
1494 2111 1529 2154 Ρ
1558 2114 1603 2154 et
1634 2111 1669 2155 Α
1698 2125 1811 2154 corr.
1872 2107 1968 2172 ὁδῷ
1997 2113 2132 2157 AHL.

413 2170 521 2212 ibid.
566 2170 676 2214 δέκα
715 2170 793 2215 καὶ
835 2171 1131 2226 διακοσίους]
1177 2165 1283 2223 ἤτοι
1311 2173 1402 2224 μιλ.
1431 2165 1517 2225 κη’.·
1555 2165 1615 2212 τοὶ
1641 2166 1729 2225 γὰρ
1760 2166 1832 2221 ζο”
1872 2170 1948 2224 (h.
1977 2186 2015 2215 e.
2044 2172 2132 2226 74)

415 2225 745 2330 ggffldbgtLI-ha'
775 2229 909 2273 schol.
941 2229 1030 2273 AL.
1175 2229 1218 2272 6.
1249 2226 1532 2284 Βρεττανία]
1561 2227 1806 2285 βρεταννία
1833 2226 1885 2270 L.
2026 2228 2131 2271 ibid.

305 2412 435 2467 cant)
467 2411 618 2456 urbem
659 2410 898 2469 appositam
928 2411 1047 2455 Ionio
1074 2410 1214 2464 sinui,
1263 2415 1309 2456 et
1346 2409 1554 2468 quidquid
1594 2408 1794 2454 Romanis
1827 2408 1871 2454 in
1901 2424 1979 2454 ora
2006 2410 2136 2454 Ponti

303 2468 491 2520 Euxini,
530 2474 578 2511 ut
607 2483 736 2525 supra
764 2470 1085 2513 memoravimus
1102 2501 1115 2522 ‚
1144 2474 1284 2526 paret.
1344 2470 1482 2512 Unius
1511 2474 1650 2512 autem
1679 2468 1766 2511 diei
1795 2467 1880 2510 iter
1907 2469 1963 2511 ad
1993 2468 2136 2511 stadia

303 2539 403 2567 ccx.
434 2525 607 2579 evadit,
655 2533 858 2582 quantum
899 2526 1071 2570 conficit
1107 2527 1182 2584 qui
1214 2526 1389 2569 Athenis
1432 2527 1653 2582 Megaram
1695 2524 1815 2582 petit.
1873 2525 1943 2568 Ita
1971 2524 2136 2567 demum

303 2589 527 2637 utramque
558 2582 840 2626 continentem
871 2584 1154 2640 Imperatores
1183 2583 1366 2626 Romani
1398 2583 1508 2627 inter
1537 2596 1585 2626 se
1614 2583 1863 2626 diviserant.
1922 2581 2049 2633 Quod
2080 2582 2138 2624 ad

303 2639 460 2680 insulas
488 2643 681 2694 spectat,
731 2640 876 2682 iacens
907 2648 1030 2683 extra
1069 2640 1281 2684 columnas
1313 2641 1545 2684 Herculeas
1575 2638 1753 2683 omnium
1796 2639 1922 2694 longe
1955 2638 2138 2682 maxima

303 2694 533 2738 insularum
562 2694 789 2739 Britannia
818 2697 1001 2753 Imperio
1034 2697 1330 2752 Occidentali,
1375 2703 1426 2740 ut
1453 2697 1559 2740 situs
1589 2697 1816 2754 poscebat,
1861 2697 2004 2738 fuerat
2032 2710 2137 2739 con-

306 2751 488 2794 tributa.
547 2750 652 2794 Item
683 2752 744 2794 cis
774 2754 986 2796 columnas
1015 2755 1191 2807 Ebusa,
1230 2768 1342 2812 quae
1370 2755 1434 2797 sic
1462 2755 1507 2797 in
1537 2753 1643 2797 mari
1671 2760 1770 2810 post
1801 2759 2008 2805 meatum,
2051 2767 2146 2809 quo·

303 2808 493 2851 insinuat
524 2822 570 2850 se
601 2809 829 2862 Oceanus,
874 2817 1074 2866 tanquam
1110 2811 1155 2853 in
1183 2811 1446 2868 Propontide
1478 2810 1621 2867 posita
1650 2817 1740 2864 est,
1786 2816 1913 2865 atque
1942 2811 2027 2852 iter
2055 2823 2135 2855 v11.

303 2867 398 2908 fere
427 2863 590 2908 dierum
625 2864 804 2920 colligit.
863 2867 1094 2909 Praeterea
1123 2866 1292 2911 vicinae
1320 2869 1417 2911 huic
1447 2869 1557 2911 aliae
1585 2869 1709 2918 duae,
1745 2881 1854 2923 quae
1884 2866 2025 2922 patria
2053 2866 2138 2908 lin—

307 2935 395 2978 gua
425 2920 634 2964 Maiorica
663 2935 715 2964 ac
745 2923 955 2965 Minorica
999 2923 1281 2967 nominantur.
1339 2923 1540 2980 Denique
1567 2924 1795 2967 insularum
1825 2936 2020 2979 quaeque
2049 2937 2139 2965 ma-

306 2978 542 3076 ritilmgrunti
573 2978 698 3021 alteri
726 2979 1032 3036 Imperatorum
1062 2982 1271 3038 parebat,
1319 2987 1450 3037 prout
1477 2981 1715 3036 contigerat
1743 2984 1792 3021 ut
1819 2978 1953 3035 ipsius
1981 2979 2138 3023 finibus

306 3049 374 3078 mc
395 3050 418 3077 u
450 3049 522 3078 ere
542 3048 604 3077 ur.

419 3106 462 3148 2.
522 3104 746 3162 Imperium
777 3106 1058 3149 occidentale
1095 3111 1270 3151 tenente
1299 3106 1517 3161 Honorio,
1568 3106 1770 3150 ditionem
1809 3106 1901 3150 eius
1939 3106 2138 3150 invasere

307 3161 518 3206 Barbari:
558 3162 725 3219 quinam
756 3161 789 3204 ii
818 3163 1003 3215 fuerint,
1034 3169 1078 3206 et
1107 3178 1191 3219 qua
1219 3165 1324 3207 illud
1353 3162 1423 3206 via
1453 3164 1737 3220 perfecerint,
1767 3178 1863 3207 mox
1892 3163 2136 3207 declarabo.

306 3219 521 3271 Plurimae
559 3219 727 3275 quidem
755 3220 1047 3274 superioribus
1085 3221 1206 3263 fuere
1246 3221 1504 3278 temporibus
1552 3220 1764 3277 hodieque
1803 3226 1901 3264 suut
1942 3222 2136 3263 nationes

308 3277 570 3327 Gotthicae;
599 3276 674 3319 sed
703 3276 814 3318 inter
842 3277 937 3320 illas
968 3277 1150 3330 Gotthi,
1196 3277 1402 3328 Vandali,
1442 3277 1675 3333 Visigotthi
1711 3283 1756 3320 et
1785 3278 2015 3335 Gepaedes
2044 3292 2138 3320 cum

307 3347 484 3376 numero
522 3338 610 3376 tum
651 3332 864 3388 dignitate
901 3339 1135 3390 praestant.
1197 3334 1309 3377 Olim
1346 3336 1623 3378 Sauromatae
1662 3335 1915 3378 dicebantur
1952 3349 2004 3377 ac
2047 3335 2141 3376 Me-

307 3387 567 3435 lanchlaeni:
619 3390 792 3447 quidam
832 3390 959 3435 etiam
1000 3391 1209 3436 Getarum
1250 3405 1401 3437 nomen
1443 3391 1550 3451 ipsis
1591 3391 1847 3437 tribuerunt.
1906 3391 2138 3436 Vocabulis
